timestamp,event_type,price,side,size,best_bid,best_ask
,book,0.9500,BUY,30,0.9500,0.96
,book,0.96,SELL,446,0.9500,0.96
2026-01-04T15:09:33.125128Z,price_change,0.94,BUY,-139,0.95,0.96
2026-01-04T15:09:33.125128Z,price_change,0.95,BUY,113,0.95,0.96
2026-01-04T15:09:42.068971Z,price_change,0.97,SELL,5,0.95,0.96
,book,0.9500,BUY,143,0.9500,0.96
,book,0.96,SELL,446,0.9500,0.96
,book,0.9500,BUY,148,0.9500,0.96
,book,0.96,SELL,441,0.9500,0.96
,book,0.9500,BUY,82,0.9500,0.96
,book,0.96,SELL,441,0.9500,0.96
,book,0.9400,BUY,3131,0.9400,0.96
,book,0.96,SELL,433,0.9400,0.96
2026-01-04T15:47:44.961971Z,price_change,0.96,SELL,-433,0.94,0.97
2026-01-04T15:47:44.961971Z,price_change,0.97,SELL,-20,0.94,0.97
2026-01-04T15:47:44.961971Z,price_change,0.97,SELL,-75,0.94,0.98
2026-01-04T15:47:44.961971Z,price_change,0.98,SELL,-296,0.94,0.98
2026-01-04T15:47:44.990305Z,price_change,0.97,SELL,43,0.94,0.97
2026-01-04T15:48:00.001422Z,price_change,0.94,BUY,-284,0.94,0.97
2026-01-04T15:48:01.044737Z,price_change,0.95,BUY,273,0.95,0.97
2026-01-04T15:48:24.816277Z,price_change,0.85,BUY,20,0.95,0.97
2026-01-04T15:50:56.617029Z,price_change,0.97,SELL,-3,0.95,0.97
2026-01-04T15:53:17.001245Z,price_change,0.97,SELL,-40,0.95,0.98
2026-01-04T15:53:17.027061Z,price_change,0.97,SELL,11,0.95,0.97
2026-01-04T15:53:17.049309Z,price_change,0.97,SELL,444,0.95,0.97
2026-01-04T15:53:18.081973Z,price_change,0.97,SELL,44,0.95,0.97
2026-01-04T15:53:19.700544Z,price_change,0.94,BUY,-2250,0.95,0.97
2026-01-04T15:53:34.005572Z,price_change,0.95,BUY,-273,0.94,0.97
2026-01-04T15:53:35.079478Z,price_change,0.95,BUY,327,0.95,0.97
2026-01-04T15:54:05.721858Z,price_change,0.95,BUY,15,0.95,0.97
2026-01-04T15:54:05.776625Z,price_change,0.97,SELL,1,0.95,0.97
2026-01-04T15:54:50.034089Z,price_change,0.97,SELL,-11,0.95,0.97
2026-01-04T15:54:50.06096Z,price_change,0.97,SELL,57,0.95,0.97
2026-01-04T15:55:04.856162Z,price_change,0.95,BUY,-243,0.95,0.97
2026-01-04T15:55:04.889534Z,price_change,0.95,BUY,-84,0.95,0.97
2026-01-04T15:55:42.331735Z,price_change,0.95,BUY,-15,0.94,0.97
2026-01-04T15:55:42.331735Z,price_change,0.94,BUY,-2,0.94,0.97
2026-01-04T15:55:42.384358Z,price_change,0.97,SELL,-46,0.94,0.97
2026-01-04T15:55:42.494248Z,price_change,0.96,SELL,49,0.94,0.96
2026-01-04T15:55:42.526056Z,price_change,0.97,SELL,-456,0.94,0.96
2026-01-04T15:55:47.223333Z,price_change,0.96,SELL,-1,0.94,0.96
2026-01-04T15:55:47.248107Z,price_change,0.97,SELL,-11,0.94,0.96
2026-01-04T15:56:20.452529Z,price_change,0.95,BUY,181,0.95,0.96
2026-01-04T15:57:58.52312Z,price_change,0.95,BUY,-100,0.95,0.96
2026-01-04T15:57:58.550598Z,price_change,0.95,BUY,-81,0.94,0.96
2026-01-04T15:58:14.004336Z,price_change,0.96,SELL,50,0.94,0.96
2026-01-04T16:02:55.248736Z,price_change,0.96,SELL,-7,0.94,0.96
2026-01-04T16:02:55.273715Z,price_change,0.95,BUY,89,0.95,0.96
2026-01-04T16:04:39.488443Z,price_change,0.96,SELL,-50,0.95,0.96
2026-01-04T16:05:20.001144Z,price_change,0.97,SELL,-33,0.95,0.96
2026-01-04T16:05:20.16383Z,price_change,0.97,SELL,54,0.95,0.96
2026-01-04T16:05:20.191982Z,price_change,0.97,SELL,58,0.95,0.96
2026-01-04T16:08:14.851691Z,price_change,0.97,SELL,2500,0.95,0.96
2026-01-04T16:08:14.900301Z,price_change,0.97,SELL,-48,0.95,0.96
2026-01-04T16:08:50.251457Z,price_change,0.95,BUY,-89,0.94,0.96
2026-01-04T16:10:29.000115Z,price_change,0.97,SELL,-10,0.94,0.96
2026-01-04T16:10:30.049507Z,price_change,0.97,SELL,77,0.94,0.96
2026-01-04T16:10:35.852866Z,price_change,0.96,SELL,-2,0.94,0.96
2026-01-04T16:12:31.001348Z,price_change,0.97,SELL,-77,0.94,0.96
2026-01-04T16:12:32.041302Z,price_change,0.97,SELL,49,0.94,0.96
2026-01-04T16:14:08.147345Z,price_change,0.96,SELL,53,0.94,0.96
2026-01-04T16:14:12.868069Z,price_change,0.5,BUY,260,0.94,0.96
2026-01-04T16:14:20.435663Z,price_change,0.96,SELL,-1,0.94,0.96
2026-01-04T16:15:56.887663Z,price_change,0.97,SELL,-49,0.94,0.96
2026-01-04T16:17:33.164601Z,price_change,0.96,SELL,-3,0.94,0.96
2026-01-04T16:19:07.212785Z,price_change,0.96,SELL,-1,0.94,0.96
2026-01-04T16:20:27.632246Z,price_change,0.95,BUY,100,0.95,0.96
2026-01-04T16:22:53.718131Z,price_change,0.96,SELL,2500,0.95,0.96
2026-01-04T16:22:53.862458Z,price_change,0.97,SELL,-54,0.95,0.96
2026-01-04T16:23:06.695582Z,price_change,0.98,SELL,-19172,0.95,0.96
2026-01-04T16:23:06.695582Z,price_change,0.96,SELL,19172,0.95,0.96
2026-01-04T16:25:21.165939Z,price_change,0.5,BUY,-260,0.95,0.96
2026-01-04T16:26:00.24425Z,price_change,0.95,BUY,27,0.95,0.96
2026-01-04T16:26:00.335345Z,price_change,0.98,SELL,47,0.95,0.96
2026-01-04T16:26:20.500777Z,price_change,0.93,BUY,2700,0.95,0.96
2026-01-04T16:27:15.911635Z,price_change,0.96,SELL,-5,0.95,0.96
,book,0.9500,BUY,127,0.9500,0.96
,book,0.96,SELL,21754,0.9500,0.96
2026-01-04T16:31:18.266365Z,price_change,0.96,SELL,-29,0.95,0.96
2026-01-04T16:31:18.266365Z,price_change,0.96,SELL,-53,0.95,0.96
2026-01-04T16:31:18.266365Z,price_change,0.96,SELL,-622,0.95,0.96
2026-01-04T16:33:18.549454Z,price_change,0.98,SELL,-29,0.95,0.96
2026-01-04T16:33:18.569967Z,price_change,0.95,BUY,-27,0.95,0.96
2026-01-04T16:33:37.019546Z,price_change,0.9,BUY,146,0.95,0.96
2026-01-04T16:33:51.396313Z,price_change,0.82,BUY,155,0.95,0.96
2026-01-04T16:35:36.549411Z,price_change,0.96,SELL,-2,0.95,0.96
2026-01-04T16:35:59.109885Z,price_change,0.98,SELL,-18,0.95,0.96
2026-01-04T16:35:59.109885Z,price_change,0.96,SELL,15,0.95,0.96
2026-01-04T16:36:07.026992Z,price_change,0.96,SELL,-3,0.95,0.96
2026-01-04T16:36:47.13805Z,price_change,0.96,SELL,-1,0.95,0.96
2026-01-04T16:36:57.02886Z,price_change,0.85,BUY,-20,0.95,0.96
2026-01-04T16:36:57.02886Z,price_change,0.8,BUY,20,0.95,0.96
2026-01-04T16:37:03.413174Z,price_change,0.96,SELL,-100,0.95,0.96
2026-01-04T16:37:03.413174Z,price_change,0.95,BUY,-100,0.94,0.96
2026-01-04T16:37:20.188307Z,price_change,0.99,SELL,100,0.94,0.96
2026-01-04T16:37:42.840746Z,price_change,0.96,SELL,8,0.94,0.96
2026-01-04T16:38:27.444111Z,price_change,0.94,BUY,78,0.94,0.96
2026-01-04T16:40:54.838965Z,price_change,0.94,BUY,-78,0.94,0.96
2026-01-04T16:40:54.851403Z,price_change,0.96,SELL,-22,0.94,0.96
2026-01-04T16:45:10.650126Z,price_change,0.92,BUY,-100,0.94,0.96
2026-01-04T16:45:10.650126Z,price_change,0.93,BUY,100,0.94,0.96
2026-01-04T16:45:27.014086Z,price_change,0.96,SELL,-259,0.94,0.96
2026-01-04T16:45:50.841434Z,price_change,0.93,BUY,-100,0.94,0.96
2026-01-04T16:50:17.688764Z,price_change,0.96,SELL,-22,0.94,0.96
2026-01-04T16:50:32.583285Z,price_change,0.96,SELL,-1,0.94,0.96
2026-01-04T16:50:58.136026Z,price_change,0.96,SELL,33,0.94,0.96
2026-01-04T16:50:59.033942Z,price_change,0.95,BUY,1000,0.95,0.96
2026-01-04T16:50:59.059215Z,price_change,0.96,SELL,-33,0.95,0.96
2026-01-04T16:50:59.059215Z,price_change,0.97,SELL,33,0.95,0.96
2026-01-04T16:50:59.097193Z,price_change,0.95,BUY,-1,0.95,0.96
2026-01-04T16:51:33.371614Z,price_change,0.95,BUY,-999,0.94,0.96
2026-01-04T16:51:33.371614Z,price_change,0.94,BUY,999,0.94,0.96
2026-01-04T16:52:29.760615Z,price_change,0.94,BUY,-999,0.94,0.96
2026-01-04T16:52:29.760615Z,price_change,0.95,BUY,999,0.95,0.96
2026-01-04T16:53:38.345424Z,price_change,0.96,SELL,-5,0.95,0.96
2026-01-04T16:53:44.098534Z,price_change,0.95,BUY,-100,0.95,0.96
2026-01-04T16:54:00.000575Z,price_change,0.56,BUY,-1096,0.95,0.96
2026-01-04T16:54:00.000575Z,price_change,0.62,BUY,-752,0.95,0.96
2026-01-04T16:54:00.000575Z,price_change,0.68,BUY,-64,0.95,0.96
2026-01-04T16:54:00.000575Z,price_change,0.99,SELL,-388902,0.95,0.96
2026-01-04T16:54:00.000575Z,price_change,0.65,BUY,-312,0.95,0.96
2026-01-04T16:54:00.000575Z,price_change,0.59,BUY,-1095,0.95,0.96
2026-01-04T16:54:06.457263Z,price_change,0.97,SELL,-2500,0.95,0.96
2026-01-04T16:54:06.478323Z,price_change,0.97,SELL,100,0.95,0.96
2026-01-04T16:54:15.398322Z,price_change,0.95,BUY,-37,0.95,0.96
2026-01-04T16:54:17.430954Z,price_change,0.97,SELL,-33,0.95,0.96
2026-01-04T16:54:17.430954Z,price_change,0.98,SELL,33,0.95,0.96
2026-01-04T16:54:45.42792Z,price_change,0.96,SELL,-1000,0.95,0.96
2026-01-04T16:55:26.468339Z,price_change,0.98,SELL,-33,0.95,0.96
2026-01-04T16:55:26.468339Z,price_change,0.96,SELL,15,0.95,0.96
2026-01-04T16:56:36.003144Z,price_change,0.96,SELL,-15,0.95,0.96
2026-01-04T16:56:37.031392Z,price_change,0.96,SELL,14,0.95,0.96
2026-01-04T16:57:00.062714Z,price_change,0.95,BUY,-54,0.95,0.96
2026-01-04T16:57:20.000223Z,price_change,0.95,BUY,-46,0.95,0.96
2026-01-04T16:58:04.713619Z,price_change,0.96,SELL,-18000,0.95,0.96
2026-01-04T16:58:04.727416Z,price_change,0.99,SELL,634,0.95,0.96
2026-01-04T16:58:04.737808Z,price_change,0.96,SELL,-14,0.95,0.96
2026-01-04T16:58:04.737808Z,price_change,0.97,SELL,14,0.95,0.96
2026-01-04T16:58:20.434719Z,price_change,0.01,BUY,99,0.95,0.96
2026-01-04T16:58:20.483122Z,price_change,0.02,BUY,99,0.95,0.96
2026-01-04T16:58:20.539184Z,price_change,0.03,BUY,99,0.95,0.96
2026-01-04T16:58:20.584411Z,price_change,0.05,BUY,99,0.95,0.96
2026-01-04T16:59:08.293243Z,price_change,0.05,BUY,500,0.95,0.96
2026-01-04T16:59:25.693118Z,price_change,0.95,BUY,-100,0.95,0.96
2026-01-04T16:59:25.693354Z,price_change,0.95,BUY,-72,0.95,0.96
2026-01-04T16:59:30.002024Z,price_change,0.93,BUY,-17,0.95,0.96
2026-01-04T16:59:30.002024Z,price_change,0.94,BUY,-13,0.95,0.96
2026-01-04T16:59:45.858446Z,price_change,0.95,BUY,-100,0.95,0.96
2026-01-04T16:59:45.8594Z,price_change,0.95,BUY,-28,0.95,0.96
2026-01-04T16:59:58.694061Z,price_change,0.95,BUY,-107,0.95,0.96
2026-01-04T16:59:59.00561Z,price_change,0.63,BUY,-601,0.95,0.96
2026-01-04T17:00:00.007781Z,price_change,0.93,BUY,-2500,0.95,0.96
2026-01-04T17:00:00.007781Z,price_change,0.91,BUY,-2500,0.95,0.96
2026-01-04T17:00:00.007781Z,price_change,0.9,BUY,-2500,0.95,0.96
2026-01-04T17:00:00.007781Z,price_change,0.92,BUY,-2500,0.95,0.96
2026-01-04T17:00:00.466248Z,price_change,0.96,SELL,1,0.95,0.96
2026-01-04T17:00:00.709183Z,price_change,0.96,SELL,1,0.95,0.96
2026-01-04T17:00:00.982048Z,price_change,0.95,BUY,-65,0.95,0.96
2026-01-04T17:00:07.359025Z,price_change,0.95,BUY,-100,0.95,0.96
2026-01-04T17:00:07.359531Z,price_change,0.95,BUY,-15,0.95,0.96
2026-01-04T17:00:07.882987Z,price_change,0.95,BUY,-150,0.95,0.96
2026-01-04T17:00:07.9402Z,price_change,0.97,SELL,26,0.95,0.96
2026-01-04T17:00:08.452373Z,price_change,0.96,SELL,34,0.95,0.96
2026-01-04T17:00:08.531417Z,price_change,0.96,SELL,35,0.95,0.96
2026-01-04T17:00:08.545991Z,price_change,0.96,SELL,-34,0.95,0.96
2026-01-04T17:00:08.650862Z,price_change,0.96,SELL,43,0.95,0.96
2026-01-04T17:00:09.126819Z,price_change,0.96,SELL,43,0.95,0.96
2026-01-04T17:00:09.161121Z,price_change,0.96,SELL,-43,0.95,0.96
2026-01-04T17:00:09.880481Z,price_change,0.92,BUY,250,0.95,0.96
2026-01-04T17:00:09.939677Z,price_change,0.92,BUY,-250,0.95,0.96
2026-01-04T17:00:10.017325Z,price_change,0.96,SELL,1000,0.95,0.96
2026-01-04T17:00:10.261392Z,price_change,0.96,SELL,35,0.95,0.96
2026-01-04T17:00:10.266047Z,price_change,0.96,SELL,-35,0.95,0.96
2026-01-04T17:00:19.125377Z,price_change,0.96,SELL,44,0.95,0.96
2026-01-04T17:00:19.16381Z,price_change,0.96,SELL,-43,0.95,0.96
2026-01-04T17:00:20.198887Z,price_change,0.96,SELL,35,0.95,0.96
2026-01-04T17:00:20.22705Z,price_change,0.96,SELL,-35,0.95,0.96
2026-01-04T17:00:26.965593Z,price_change,0.96,SELL,-6,0.95,0.96
2026-01-04T17:00:29.204976Z,price_change,0.96,SELL,44,0.95,0.96
2026-01-04T17:00:29.230391Z,price_change,0.96,SELL,-44,0.95,0.96
2026-01-04T17:00:30.160992Z,price_change,0.96,SELL,35,0.95,0.96
2026-01-04T17:00:30.198206Z,price_change,0.96,SELL,-35,0.95,0.96
2026-01-04T17:00:39.439594Z,price_change,0.96,SELL,44,0.95,0.96
2026-01-04T17:00:39.474352Z,price_change,0.96,SELL,-44,0.95,0.96
2026-01-04T17:00:40.143302Z,price_change,0.96,SELL,35,0.95,0.96
2026-01-04T17:00:40.155584Z,price_change,0.96,SELL,-35,0.95,0.96
2026-01-04T17:00:49.263466Z,price_change,0.96,SELL,44,0.95,0.96
2026-01-04T17:00:49.301297Z,price_change,0.96,SELL,-44,0.95,0.96
2026-01-04T17:00:50.369167Z,price_change,0.96,SELL,35,0.95,0.96
2026-01-04T17:00:50.402896Z,price_change,0.96,SELL,-35,0.95,0.96
2026-01-04T17:00:53.509571Z,price_change,0.95,BUY,-5,0.95,0.96
2026-01-04T17:00:57.082451Z,price_change,0.96,SELL,49,0.95,0.96
2026-01-04T17:00:57.090955Z,price_change,0.96,SELL,-35,0.95,0.96
2026-01-04T17:00:57.334392Z,price_change,0.96,SELL,49,0.95,0.96
2026-01-04T17:00:57.370132Z,price_change,0.96,SELL,-44,0.95,0.96
2026-01-04T17:00:58.439912Z,price_change,0.95,BUY,-5,0.95,0.96
2026-01-04T17:00:59.196683Z,price_change,0.96,SELL,49,0.95,0.96
2026-01-04T17:00:59.227944Z,price_change,0.96,SELL,-49,0.95,0.96
2026-01-04T17:01:00.464985Z,price_change,0.96,SELL,49,0.95,0.96
2026-01-04T17:01:00.527197Z,price_change,0.96,SELL,-49,0.95,0.96
2026-01-04T17:01:05.367465Z,price_change,0.96,SELL,149,0.95,0.96
2026-01-04T17:01:05.400058Z,price_change,0.96,SELL,-49,0.95,0.96
2026-01-04T17:01:09.199908Z,price_change,0.96,SELL,149,0.95,0.96
2026-01-04T17:01:09.230986Z,price_change,0.96,SELL,-149,0.95,0.96
2026-01-04T17:01:10.172796Z,price_change,0.96,SELL,99,0.95,0.96
2026-01-04T17:01:10.208126Z,price_change,0.96,SELL,-49,0.95,0.96
2026-01-04T17:01:12.4794Z,price_change,0.96,SELL,149,0.95,0.96
2026-01-04T17:01:12.500813Z,price_change,0.96,SELL,-99,0.95,0.96
2026-01-04T17:01:12.71313Z,price_change,0.96,SELL,199,0.95,0.96
2026-01-04T17:01:12.755373Z,price_change,0.96,SELL,-149,0.95,0.96
2026-01-04T17:01:19.307102Z,price_change,0.96,SELL,199,0.95,0.96
2026-01-04T17:01:19.335803Z,price_change,0.96,SELL,-199,0.95,0.96
2026-01-04T17:01:20.277342Z,price_change,0.96,SELL,149,0.95,0.96
2026-01-04T17:01:20.304543Z,price_change,0.96,SELL,-149,0.95,0.96
2026-01-04T17:01:29.163497Z,price_change,0.96,SELL,199,0.95,0.96
2026-01-04T17:01:29.198567Z,price_change,0.96,SELL,-199,0.95,0.96
2026-01-04T17:01:30.274839Z,price_change,0.96,SELL,149,0.95,0.96
2026-01-04T17:01:30.283923Z,price_change,0.96,SELL,-149,0.95,0.96
2026-01-04T17:01:30.364672Z,price_change,0.99,SELL,-634,0.95,0.96
2026-01-04T17:01:30.365761Z,price_change,0.94,BUY,-582,0.95,0.96
2026-01-04T17:01:31.233159Z,price_change,0.95,BUY,-15,0.93,0.96
2026-01-04T17:01:31.263328Z,price_change,0.97,SELL,-29,0.93,0.96
2026-01-04T17:01:37.832842Z,price_change,0.54,BUY,484,0.93,0.96
2026-01-04T17:01:37.835539Z,price_change,0.99,SELL,602,0.93,0.96
2026-01-04T17:01:38.04284Z,price_change,0.96,SELL,-1,0.93,0.96
2026-01-04T17:01:38.04284Z,price_change,0.95,SELL,150,0.93,0.95
2026-01-04T17:01:38.080222Z,price_change,0.96,SELL,-149,0.93,0.95
2026-01-04T17:01:38.255083Z,price_change,0.96,SELL,-1000,0.93,0.95
2026-01-04T17:01:38.266318Z,price_change,0.96,SELL,-1,0.93,0.95
2026-01-04T17:01:38.266318Z,price_change,0.95,SELL,150,0.93,0.95
2026-01-04T17:01:38.26851Z,price_change,0.95,SELL,1000,0.93,0.95
2026-01-04T17:01:38.299301Z,price_change,0.96,SELL,-199,0.93,0.95
2026-01-04T17:01:39.795103Z,price_change,0.98,SELL,518,0.93,0.95
2026-01-04T17:02:10.370631Z,price_change,0.95,SELL,-50,0.93,0.95
2026-01-04T17:02:10.878201Z,price_change,0.95,SELL,-1000,0.93,0.95
2026-01-04T17:02:11.001115Z,price_change,0.97,SELL,-11,0.93,0.95
2026-01-04T17:02:12.034708Z,price_change,0.96,SELL,22,0.93,0.95
2026-01-04T17:02:39.410496Z,price_change,0.92,BUY,250,0.93,0.95
2026-01-04T17:02:40.92137Z,price_change,0.92,BUY,-250,0.93,0.95
2026-01-04T17:02:58.471448Z,price_change,0.95,SELL,1000,0.93,0.95
2026-01-04T17:02:58.613182Z,price_change,0.95,SELL,-50,0.93,0.95
2026-01-04T17:03:10.415098Z,price_change,0.93,BUY,-11,0.93,0.95
2026-01-04T17:03:13.367988Z,price_change,0.91,BUY,250,0.93,0.95
2026-01-04T17:03:20.870108Z,price_change,0.93,BUY,-72,0.93,0.95
2026-01-04T17:03:20.871922Z,price_change,0.97,SELL,-100,0.93,0.95
2026-01-04T17:03:20.871922Z,price_change,0.94,SELL,30,0.93,0.94
2026-01-04T17:03:20.890748Z,price_change,0.94,SELL,-30,0.93,0.95
2026-01-04T17:03:20.89103Z,price_change,0.97,SELL,339,0.93,0.95
2026-01-04T17:03:21.217524Z,price_change,0.95,SELL,-100,0.93,0.95
2026-01-04T17:03:21.217524Z,price_change,0.94,SELL,100,0.93,0.94
2026-01-04T17:03:21.512593Z,price_change,0.95,SELL,-100,0.93,0.94
2026-01-04T17:03:21.512593Z,price_change,0.94,SELL,100,0.93,0.94
2026-01-04T17:03:21.942614Z,price_change,0.94,SELL,-100,0.93,0.94
2026-01-04T17:03:21.942614Z,price_change,0.95,SELL,100,0.93,0.94
2026-01-04T17:03:22.130054Z,price_change,0.94,SELL,-100,0.93,0.95
2026-01-04T17:03:22.130054Z,price_change,0.95,SELL,100,0.93,0.95
2026-01-04T17:03:25.258195Z,price_change,0.95,SELL,10,0.93,0.95
2026-01-04T17:03:25.746487Z,price_change,0.93,BUY,-52,0.93,0.95
2026-01-04T17:03:32.071789Z,price_change,0.93,BUY,-4,0.93,0.95
2026-01-04T17:03:32.07394Z,price_change,0.93,BUY,-37,0.93,0.95
2026-01-04T17:03:32.316988Z,price_change,0.95,SELL,-1000,0.93,0.95
2026-01-04T17:03:40.230104Z,price_change,0.94,SELL,10,0.93,0.94
2026-01-04T17:03:40.242762Z,price_change,0.95,SELL,-10,0.93,0.94
2026-01-04T17:03:40.300909Z,price_change,0.95,SELL,-100,0.93,0.94
2026-01-04T17:03:40.300909Z,price_change,0.94,SELL,100,0.93,0.94
2026-01-04T17:03:40.52861Z,price_change,0.95,SELL,-100,0.93,0.94
2026-01-04T17:03:40.52861Z,price_change,0.94,SELL,100,0.93,0.94
2026-01-04T17:03:47.533543Z,price_change,0.94,SELL,1000,0.93,0.94
2026-01-04T17:03:58.165332Z,price_change,0.93,BUY,-1,0.93,0.94
2026-01-04T17:04:01.091113Z,price_change,0.91,BUY,-250,0.93,0.94
2026-01-04T17:04:09.422707Z,price_change,0.94,SELL,-5,0.93,0.94
2026-01-04T17:04:11.665962Z,price_change,0.93,BUY,-50,0.93,0.94
2026-01-04T17:04:16.432776Z,price_change,0.93,BUY,-6,0.93,0.94
2026-01-04T17:04:16.669389Z,price_change,0.91,BUY,250,0.93,0.94
2026-01-04T17:04:16.798107Z,price_change,0.91,BUY,-250,0.93,0.94
2026-01-04T17:04:16.800727Z,price_change,0.93,BUY,-13,0.93,0.94
2026-01-04T17:04:16.806278Z,price_change,0.93,BUY,-39,0.93,0.94
2026-01-04T17:04:17.855195Z,price_change,0.91,BUY,250,0.93,0.94
2026-01-04T17:04:18.1465Z,price_change,0.93,BUY,500,0.93,0.94
2026-01-04T17:04:20.779332Z,price_change,0.93,BUY,-87,0.93,0.94
2026-01-04T17:04:20.781256Z,price_change,0.91,BUY,-250,0.93,0.94
2026-01-04T17:04:20.784037Z,price_change,0.93,BUY,-17,0.93,0.94
2026-01-04T17:04:20.796786Z,price_change,0.9,BUY,250,0.93,0.94
2026-01-04T17:04:21.821154Z,price_change,0.9,BUY,-250,0.93,0.94
2026-01-04T17:04:21.834136Z,price_change,0.91,BUY,250,0.93,0.94
2026-01-04T17:04:23.870744Z,price_change,0.93,BUY,-50,0.93,0.94
2026-01-04T17:04:25.29437Z,price_change,0.91,BUY,-250,0.93,0.94
2026-01-04T17:04:25.296415Z,price_change,0.93,BUY,-100,0.93,0.94
2026-01-04T17:04:25.302341Z,price_change,0.93,BUY,-33,0.93,0.94
2026-01-04T17:04:29.025286Z,price_change,0.91,BUY,250,0.93,0.94
2026-01-04T17:04:29.027919Z,price_change,0.93,BUY,-28,0.93,0.94
2026-01-04T17:04:29.027919Z,price_change,0.93,BUY,-22,0.93,0.94
2026-01-04T17:04:30.813838Z,price_change,0.96,SELL,-2,0.93,0.94
2026-01-04T17:04:32.14068Z,price_change,0.91,BUY,-250,0.93,0.94
2026-01-04T17:04:39.73675Z,price_change,0.93,BUY,-10,0.93,0.94
2026-01-04T17:04:40.795121Z,price_change,0.93,BUY,-500,0.93,0.94
2026-01-04T17:04:44.972189Z,price_change,0.93,BUY,-90,0.93,0.94
2026-01-04T17:04:44.977585Z,price_change,0.93,BUY,-100,0.93,0.94
2026-01-04T17:04:47.43062Z,price_change,0.93,BUY,1,0.93,0.94
2026-01-04T17:04:47.810629Z,price_change,0.91,BUY,250,0.93,0.94
2026-01-04T17:04:48.84565Z,price_change,0.93,BUY,-100,0.93,0.94
2026-01-04T17:04:48.847118Z,price_change,0.93,BUY,-100,0.93,0.94
2026-01-04T17:04:48.848459Z,price_change,0.91,BUY,-250,0.93,0.94
2026-01-04T17:04:48.861956Z,price_change,0.9,BUY,250,0.93,0.94
2026-01-04T17:04:49.890076Z,price_change,0.9,BUY,-250,0.93,0.94
2026-01-04T17:04:59.825475Z,price_change,0.91,BUY,250,0.93,0.94
2026-01-04T17:05:00.956513Z,price_change,0.93,BUY,-208,0.93,0.94
2026-01-04T17:05:03.199147Z,price_change,0.94,SELL,-1000,0.93,0.94
2026-01-04T17:05:04.477197Z,price_change,0.93,BUY,-52,0.93,0.94
2026-01-04T17:05:06.713653Z,price_change,0.93,BUY,-31,0.93,0.94
2026-01-04T17:05:07.217091Z,price_change,0.91,BUY,-250,0.93,0.94
2026-01-04T17:05:07.222237Z,price_change,0.93,BUY,-100,0.93,0.94
2026-01-04T17:05:07.225038Z,price_change,0.93,BUY,-17,0.93,0.94
2026-01-04T17:05:07.237079Z,price_change,0.9,BUY,250,0.93,0.94
2026-01-04T17:05:08.280575Z,price_change,0.9,BUY,-250,0.93,0.94
2026-01-04T17:05:08.299547Z,price_change,0.91,BUY,250,0.93,0.94
2026-01-04T17:05:13.978936Z,price_change,0.93,BUY,-313,0.93,0.94
2026-01-04T17:05:14.460648Z,price_change,0.93,BUY,-100,0.93,0.94
2026-01-04T17:05:15.000048Z,price_change,0.47,BUY,-2361,0.93,0.94
2026-01-04T17:05:15.000048Z,price_change,0.53,BUY,-1296,0.93,0.94
2026-01-04T17:05:15.000048Z,price_change,0.5,BUY,-1940,0.93,0.94
2026-01-04T17:05:18.948545Z,price_change,0.94,SELL,1000,0.93,0.94
2026-01-04T17:05:21.149928Z,price_change,0.02,BUY,500,0.93,0.94
2026-01-04T17:05:21.732237Z,price_change,0.93,BUY,-93,0.93,0.94
2026-01-04T17:05:27.266227Z,price_change,0.91,BUY,-250,0.93,0.94
2026-01-04T17:05:30.539201Z,price_change,0.94,SELL,-5,0.93,0.94
2026-01-04T17:05:30.539201Z,price_change,0.94,SELL,-100,0.93,0.94
2026-01-04T17:05:30.600689Z,price_change,0.94,SELL,50,0.93,0.94
2026-01-04T17:05:31.5562Z,price_change,0.93,BUY,-100,0.93,0.94
2026-01-04T17:05:32.948695Z,price_change,0.93,BUY,-100,0.93,0.94
2026-01-04T17:05:32.950125Z,price_change,0.93,BUY,-100,0.93,0.94
2026-01-04T17:05:38.253732Z,price_change,0.94,SELL,-1000,0.93,0.94
2026-01-04T17:05:38.345329Z,price_change,0.94,SELL,-100,0.93,0.94
2026-01-04T17:05:38.345329Z,price_change,0.95,SELL,100,0.93,0.94
2026-01-04T17:05:38.354969Z,price_change,0.91,BUY,250,0.93,0.94
2026-01-04T17:05:39.291603Z,price_change,0.94,SELL,-13,0.93,0.94
2026-01-04T17:05:40.637565Z,price_change,0.93,BUY,-2,0.93,0.94
2026-01-04T17:05:41.640868Z,price_change,0.93,BUY,-52,0.93,0.94
2026-01-04T17:05:43.411297Z,price_change,0.93,BUY,-48,0.93,0.94
2026-01-04T17:05:43.41804Z,price_change,0.93,BUY,-35,0.93,0.94
2026-01-04T17:05:44.169704Z,price_change,0.93,BUY,-10,0.93,0.94
2026-01-04T17:05:47.286645Z,price_change,0.91,BUY,-250,0.93,0.94
2026-01-04T17:05:47.33378Z,price_change,0.95,SELL,1000,0.93,0.94
2026-01-04T17:05:47.396032Z,price_change,0.95,SELL,-100,0.93,0.94
2026-01-04T17:05:47.396032Z,price_change,0.94,SELL,100,0.93,0.94
2026-01-04T17:05:47.801301Z,price_change,0.95,SELL,-1000,0.93,0.94
2026-01-04T17:05:47.81741Z,price_change,0.94,SELL,1000,0.93,0.94
2026-01-04T17:05:47.867983Z,price_change,0.94,SELL,-100,0.93,0.94
2026-01-04T17:05:47.867983Z,price_change,0.95,SELL,100,0.93,0.94
2026-01-04T17:05:48.459705Z,price_change,0.93,BUY,-268,0.93,0.94
2026-01-04T17:05:48.483617Z,price_change,0.94,SELL,-1000,0.93,0.94
2026-01-04T17:05:48.489066Z,price_change,0.93,BUY,69,0.93,0.94
2026-01-04T17:05:48.496727Z,price_change,0.95,SELL,1000,0.93,0.94
2026-01-04T17:05:48.509246Z,price_change,0.96,SELL,-20,0.93,0.94
2026-01-04T17:05:48.509246Z,price_change,0.94,SELL,15,0.93,0.94
2026-01-04T17:05:48.532796Z,price_change,0.94,SELL,-15,0.93,0.94
2026-01-04T17:05:48.532796Z,price_change,0.95,SELL,15,0.93,0.94
2026-01-04T17:05:48.588532Z,price_change,0.95,SELL,-100,0.93,0.94
2026-01-04T17:05:48.588532Z,price_change,0.94,SELL,100,0.93,0.94
2026-01-04T17:05:48.635968Z,price_change,0.95,SELL,-1000,0.93,0.94
2026-01-04T17:05:48.70331Z,price_change,0.94,SELL,-100,0.93,0.94
2026-01-04T17:05:48.70331Z,price_change,0.95,SELL,100,0.93,0.94
2026-01-04T17:05:49.799458Z,price_change,0.91,BUY,250,0.93,0.94
2026-01-04T17:05:50.06463Z,price_change,0.93,BUY,-100,0.93,0.94
2026-01-04T17:05:50.069644Z,price_change,0.93,BUY,-55,0.93,0.94
2026-01-04T17:05:51.133Z,price_change,0.93,BUY,-69,0.93,0.94
2026-01-04T17:05:56.067085Z,price_change,0.95,SELL,-4,0.93,0.94
2026-01-04T17:05:57.184821Z,price_change,0.93,BUY,85,0.93,0.94
2026-01-04T17:06:05.039223Z,price_change,0.95,SELL,1000,0.93,0.94
2026-01-04T17:06:05.182809Z,price_change,0.95,SELL,-100,0.93,0.94
2026-01-04T17:06:05.182809Z,price_change,0.94,SELL,100,0.93,0.94
2026-01-04T17:06:05.737479Z,price_change,0.95,SELL,-1000,0.93,0.94
2026-01-04T17:06:05.744019Z,price_change,0.93,BUY,-100,0.93,0.94
2026-01-04T17:06:05.751138Z,price_change,0.94,SELL,1000,0.93,0.94
2026-01-04T17:06:05.777062Z,price_change,0.91,BUY,-250,0.93,0.94
2026-01-04T17:06:05.943235Z,price_change,0.94,SELL,-100,0.93,0.94
2026-01-04T17:06:05.943235Z,price_change,0.95,SELL,100,0.93,0.94
2026-01-04T17:06:05.966148Z,price_change,0.94,SELL,-1000,0.93,0.94
2026-01-04T17:06:06.805819Z,price_change,0.95,SELL,1000,0.93,0.94
2026-01-04T17:06:06.880207Z,price_change,0.95,SELL,-100,0.93,0.94
2026-01-04T17:06:06.880207Z,price_change,0.94,SELL,100,0.93,0.94
2026-01-04T17:06:08.076778Z,price_change,0.95,SELL,-1000,0.93,0.94
2026-01-04T17:06:08.080561Z,price_change,0.93,BUY,-1,0.93,0.94
2026-01-04T17:06:08.090788Z,price_change,0.94,SELL,1000,0.93,0.94
2026-01-04T17:06:08.153215Z,price_change,0.94,SELL,-100,0.93,0.94
2026-01-04T17:06:08.153215Z,price_change,0.95,SELL,100,0.93,0.94
2026-01-04T17:06:10.492808Z,price_change,0.95,SELL,-100,0.93,0.94
2026-01-04T17:06:10.492808Z,price_change,0.94,SELL,100,0.93,0.94
2026-01-04T17:06:10.512415Z,price_change,0.94,SELL,-1000,0.93,0.94
2026-01-04T17:06:10.515762Z,price_change,0.91,BUY,250,0.93,0.94
2026-01-04T17:06:10.524664Z,price_change,0.96,SELL,1000,0.93,0.94
2026-01-04T17:06:11.047032Z,price_change,0.94,SELL,-100,0.93,0.94
2026-01-04T17:06:11.047032Z,price_change,0.95,SELL,100,0.93,0.94
2026-01-04T17:06:11.07362Z,price_change,0.96,SELL,-1000,0.93,0.94
2026-01-04T17:06:11.087232Z,price_change,0.95,SELL,1000,0.93,0.94
2026-01-04T17:06:11.596418Z,price_change,0.95,SELL,-100,0.93,0.94
2026-01-04T17:06:11.596418Z,price_change,0.94,SELL,100,0.93,0.94
2026-01-04T17:06:12.024249Z,price_change,0.95,SELL,-1000,0.93,0.94
2026-01-04T17:06:12.049303Z,price_change,0.94,SELL,1000,0.93,0.94
2026-01-04T17:06:12.216877Z,price_change,0.94,SELL,-100,0.93,0.94
2026-01-04T17:06:12.216877Z,price_change,0.95,SELL,100,0.93,0.94
2026-01-04T17:06:12.241239Z,price_change,0.94,SELL,-1000,0.93,0.94
2026-01-04T17:06:12.873049Z,price_change,0.95,SELL,1000,0.93,0.94
2026-01-04T17:06:12.874154Z,price_change,0.94,SELL,30,0.93,0.94
2026-01-04T17:06:12.879552Z,price_change,0.93,BUY,-115,0.93,0.94
2026-01-04T17:06:12.906724Z,price_change,0.94,SELL,-30,0.93,0.94
2026-01-04T17:06:12.977349Z,price_change,0.95,SELL,-100,0.93,0.94
2026-01-04T17:06:12.977349Z,price_change,0.94,SELL,100,0.93,0.94
2026-01-04T17:06:13.116164Z,price_change,0.95,SELL,-1000,0.93,0.94
2026-01-04T17:06:13.254428Z,price_change,0.94,SELL,-100,0.93,0.94
2026-01-04T17:06:13.254428Z,price_change,0.95,SELL,100,0.93,0.94
2026-01-04T17:06:13.271453Z,price_change,0.96,SELL,1000,0.93,0.94
2026-01-04T17:06:13.295944Z,price_change,0.95,SELL,-11,0.93,0.94
2026-01-04T17:06:13.295944Z,price_change,0.96,SELL,11,0.93,0.94
2026-01-04T17:06:13.314569Z,price_change,0.93,BUY,-85,0.93,0.94
2026-01-04T17:06:14.028748Z,price_change,0.96,SELL,-1000,0.93,0.94
2026-01-04T17:06:14.048456Z,price_change,0.95,SELL,1000,0.93,0.94
2026-01-04T17:06:14.10918Z,price_change,0.95,SELL,-100,0.93,0.94
2026-01-04T17:06:14.10918Z,price_change,0.94,SELL,100,0.93,0.94
2026-01-04T17:06:14.360473Z,price_change,0.95,SELL,-1000,0.93,0.94
2026-01-04T17:06:14.375214Z,price_change,0.94,SELL,1000,0.93,0.94
2026-01-04T17:06:14.381959Z,price_change,0.95,SELL,30,0.93,0.94
2026-01-04T17:06:14.425532Z,price_change,0.94,SELL,-100,0.93,0.94
2026-01-04T17:06:14.425532Z,price_change,0.95,SELL,100,0.93,0.94
2026-01-04T17:06:15.027993Z,price_change,0.94,SELL,-1000,0.93,0.94
2026-01-04T17:06:15.046552Z,price_change,0.95,SELL,1000,0.93,0.94
2026-01-04T17:06:15.117552Z,price_change,0.95,SELL,-100,0.93,0.94
2026-01-04T17:06:15.117552Z,price_change,0.94,SELL,100,0.93,0.94
2026-01-04T17:06:15.424903Z,price_change,0.93,BUY,-10,0.93,0.94
2026-01-04T17:06:15.433419Z,price_change,0.95,SELL,-1000,0.93,0.94
2026-01-04T17:06:15.450624Z,price_change,0.94,SELL,1000,0.93,0.94
2026-01-04T17:06:15.494448Z,price_change,0.94,SELL,-100,0.93,0.94
2026-01-04T17:06:15.494448Z,price_change,0.95,SELL,100,0.93,0.94
2026-01-04T17:06:15.664955Z,price_change,0.94,SELL,-1000,0.93,0.94
2026-01-04T17:06:15.910909Z,price_change,0.95,SELL,1000,0.93,0.94
2026-01-04T17:06:15.972723Z,price_change,0.95,SELL,-100,0.93,0.94
2026-01-04T17:06:15.972723Z,price_change,0.94,SELL,100,0.93,0.94
2026-01-04T17:06:16.366575Z,price_change,0.91,BUY,-250,0.93,0.94
2026-01-04T17:06:16.386078Z,price_change,0.95,SELL,-1000,0.93,0.94
2026-01-04T17:06:16.401517Z,price_change,0.94,SELL,1000,0.93,0.94
2026-01-04T17:06:16.445283Z,price_change,0.95,SELL,70,0.93,0.94
2026-01-04T17:06:16.456178Z,price_change,0.94,SELL,-100,0.93,0.94
2026-01-04T17:06:16.456178Z,price_change,0.95,SELL,100,0.93,0.94
2026-01-04T17:06:16.881749Z,price_change,0.94,SELL,-1000,0.93,0.94
2026-01-04T17:06:16.89472Z,price_change,0.95,SELL,1000,0.93,0.94
2026-01-04T17:06:20.423875Z,price_change,0.95,SELL,-100,0.93,0.94
2026-01-04T17:06:20.423875Z,price_change,0.94,SELL,100,0.93,0.94
2026-01-04T17:06:22.027028Z,price_change,0.95,SELL,-1000,0.93,0.94
2026-01-04T17:06:22.043598Z,price_change,0.94,SELL,1000,0.93,0.94
2026-01-04T17:06:22.834432Z,price_change,0.93,BUY,-89,0.93,0.94
2026-01-04T17:06:22.835198Z,price_change,0.93,BUY,-60,0.93,0.94
2026-01-04T17:06:24.377899Z,price_change,0.96,SELL,-11,0.93,0.94
2026-01-04T17:06:24.377899Z,price_change,0.95,SELL,18,0.93,0.94
2026-01-04T17:06:30.786012Z,price_change,0.93,BUY,-119,0.93,0.94
2026-01-04T17:06:30.786012Z,price_change,0.93,BUY,-1,0.92,0.94
2026-01-04T17:06:30.786012Z,price_change,0.92,BUY,-12,0.92,0.94
2026-01-04T17:06:30.803291Z,price_change,0.54,BUY,-484,0.92,0.94
2026-01-04T17:06:30.80547Z,price_change,0.83,BUY,500,0.92,0.94
2026-01-04T17:06:30.806078Z,price_change,0.83,BUY,294,0.92,0.94
2026-01-04T17:06:30.814789Z,price_change,0.92,BUY,33,0.92,0.94
2026-01-04T17:06:30.83027Z,price_change,0.83,BUY,-500,0.92,0.94
2026-01-04T17:06:30.83027Z,price_change,0.84,BUY,500,0.92,0.94
2026-01-04T17:06:32.149017Z,price_change,0.9,BUY,250,0.92,0.94
2026-01-04T17:06:32.168982Z,price_change,0.84,BUY,-500,0.92,0.94
2026-01-04T17:06:44.757857Z,price_change,0.95,SELL,-100,0.92,0.94
2026-01-04T17:06:44.79761Z,price_change,0.94,SELL,-37,0.92,0.94
2026-01-04T17:06:44.79761Z,price_change,0.9299999999999999,SELL,37,0.92,0.9299999999999999
2026-01-04T17:06:44.803437Z,price_change,0.94,SELL,-100,0.92,0.9299999999999999
2026-01-04T17:06:44.803437Z,price_change,0.9299999999999999,SELL,100,0.92,0.9299999999999999
2026-01-04T17:06:44.828269Z,price_change,0.45,BUY,318,0.92,0.9299999999999999
2026-01-04T17:06:47.000049Z,price_change,0.95,SELL,-18,0.92,0.9299999999999999
2026-01-04T17:06:48.031686Z,price_change,0.95,SELL,23,0.92,0.9299999999999999
2026-01-04T17:06:48.553234Z,price_change,0.9,BUY,-250,0.92,0.9299999999999999
2026-01-04T17:06:48.568622Z,price_change,0.84,BUY,500,0.92,0.9299999999999999
2026-01-04T17:06:50.601388Z,price_change,0.92,BUY,-33,0.92,0.9299999999999999
2026-01-04T17:07:04.306906Z,price_change,0.9,BUY,250,0.92,0.9299999999999999
2026-01-04T17:07:04.328007Z,price_change,0.84,BUY,-500,0.92,0.9299999999999999
2026-01-04T17:07:11.420317Z,price_change,0.9,BUY,-250,0.92,0.9299999999999999
2026-01-04T17:07:11.436092Z,price_change,0.84,BUY,500,0.92,0.9299999999999999
2026-01-04T17:07:16.018016Z,price_change,0.84,BUY,-500,0.92,0.9299999999999999
2026-01-04T17:07:16.040537Z,price_change,0.84,BUY,110,0.92,0.9299999999999999
2026-01-04T17:07:16.054883Z,price_change,0.84,BUY,390,0.92,0.9299999999999999
2026-01-04T17:07:17.041645Z,price_change,0.84,BUY,-400,0.92,0.9299999999999999
2026-01-04T17:07:18.002157Z,price_change,0.95,SELL,-23,0.92,0.9299999999999999
2026-01-04T17:07:18.03305Z,price_change,0.95,SELL,24,0.92,0.9299999999999999
2026-01-04T17:07:19.445917Z,price_change,0.94,SELL,-1000,0.92,0.9299999999999999
2026-01-04T17:07:19.535499Z,price_change,0.95,SELL,-24,0.92,0.9299999999999999
2026-01-04T17:07:19.535499Z,price_change,0.96,SELL,24,0.92,0.9299999999999999
2026-01-04T17:07:19.556005Z,price_change,0.9,BUY,250,0.92,0.9299999999999999
2026-01-04T17:07:19.572399Z,price_change,0.84,BUY,-100,0.92,0.9299999999999999
2026-01-04T17:07:19.700891Z,price_change,0.9299999999999999,SELL,-100,0.92,0.9299999999999999
2026-01-04T17:07:19.700891Z,price_change,0.95,SELL,100,0.92,0.9299999999999999
2026-01-04T17:07:20.711891Z,price_change,0.9299999999999999,SELL,-37,0.92,0.95
2026-01-04T17:07:20.711891Z,price_change,0.94,SELL,37,0.92,0.94
2026-01-04T17:07:20.724585Z,price_change,0.83,BUY,-294,0.92,0.94
2026-01-04T17:07:20.727338Z,price_change,0.61,BUY,238,0.92,0.94
2026-01-04T17:07:20.730314Z,price_change,0.94,SELL,10,0.92,0.94
2026-01-04T17:07:24.460415Z,price_change,0.92,BUY,-100,0.92,0.94
2026-01-04T17:07:28.296415Z,price_change,0.94,SELL,-10,0.92,0.94
2026-01-04T17:07:28.296415Z,price_change,0.9299999999999999,SELL,10,0.92,0.9299999999999999
2026-01-04T17:07:34.685641Z,price_change,0.82,BUY,-155,0.92,0.9299999999999999
2026-01-04T17:07:34.685641Z,price_change,0.83,BUY,444,0.92,0.9299999999999999
2026-01-04T17:07:35.389978Z,price_change,0.95,SELL,1000,0.92,0.9299999999999999
2026-01-04T17:07:35.891116Z,price_change,0.95,SELL,-100,0.92,0.9299999999999999
2026-01-04T17:07:35.891116Z,price_change,0.94,SELL,100,0.92,0.9299999999999999
2026-01-04T17:07:36.540863Z,price_change,0.94,SELL,-37,0.92,0.9299999999999999
2026-01-04T17:07:36.540863Z,price_change,0.9299999999999999,SELL,37,0.92,0.9299999999999999
2026-01-04T17:07:43.276365Z,price_change,0.96,SELL,-24,0.92,0.9299999999999999
2026-01-04T17:07:44.634871Z,price_change,0.96,SELL,-1172,0.92,0.9299999999999999
2026-01-04T17:07:44.658922Z,price_change,0.95,SELL,40,0.92,0.9299999999999999
2026-01-04T17:07:44.689261Z,price_change,0.95,SELL,-1000,0.92,0.9299999999999999
2026-01-04T17:07:44.708489Z,price_change,0.94,SELL,1000,0.92,0.9299999999999999
2026-01-04T17:07:44.736189Z,price_change,0.95,SELL,-29,0.92,0.9299999999999999
2026-01-04T17:07:44.855758Z,price_change,0.94,SELL,-100,0.92,0.9299999999999999
2026-01-04T17:07:44.855758Z,price_change,0.95,SELL,100,0.92,0.9299999999999999
2026-01-04T17:07:44.874412Z,price_change,0.94,SELL,-1000,0.92,0.9299999999999999
2026-01-04T17:07:44.914348Z,price_change,0.95,SELL,-11,0.92,0.9299999999999999
2026-01-04T17:07:44.914348Z,price_change,0.96,SELL,11,0.92,0.9299999999999999
2026-01-04T17:07:44.9159Z,price_change,0.97,SELL,257,0.92,0.9299999999999999
2026-01-04T17:07:45.1956Z,price_change,0.9299999999999999,SELL,-37,0.92,0.9299999999999999
2026-01-04T17:07:45.1956Z,price_change,0.94,SELL,37,0.92,0.9299999999999999
2026-01-04T17:07:45.215573Z,price_change,0.99,SELL,-602,0.92,0.9299999999999999
2026-01-04T17:07:45.218079Z,price_change,0.96,SELL,596,0.92,0.9299999999999999
2026-01-04T17:07:45.224458Z,price_change,0.95,SELL,1000,0.92,0.9299999999999999
2026-01-04T17:07:45.234788Z,price_change,0.97,SELL,-257,0.92,0.9299999999999999
2026-01-04T17:07:45.438767Z,price_change,0.95,SELL,-100,0.92,0.9299999999999999
2026-01-04T17:07:45.438767Z,price_change,0.94,SELL,100,0.92,0.9299999999999999
2026-01-04T17:07:45.646445Z,price_change,0.94,SELL,-37,0.92,0.9299999999999999
2026-01-04T17:07:45.646445Z,price_change,0.9299999999999999,SELL,37,0.92,0.9299999999999999
2026-01-04T17:07:45.668982Z,price_change,0.95,SELL,-1000,0.92,0.9299999999999999
2026-01-04T17:07:45.683574Z,price_change,0.94,SELL,1000,0.92,0.9299999999999999
2026-01-04T17:07:45.738982Z,price_change,0.94,SELL,-100,0.92,0.9299999999999999
2026-01-04T17:07:45.738982Z,price_change,0.95,SELL,100,0.92,0.9299999999999999
2026-01-04T17:07:50.330313Z,price_change,0.95,SELL,-100,0.92,0.9299999999999999
2026-01-04T17:07:50.330313Z,price_change,0.9299999999999999,SELL,100,0.92,0.9299999999999999
2026-01-04T17:07:50.353525Z,price_change,0.94,SELL,-1000,0.92,0.9299999999999999
2026-01-04T17:07:50.365088Z,price_change,0.96,SELL,1000,0.92,0.9299999999999999
2026-01-04T17:07:50.402657Z,price_change,0.92,BUY,-70,0.92,0.9299999999999999
2026-01-04T17:07:50.409957Z,price_change,0.92,BUY,-90,0.92,0.9299999999999999
2026-01-04T17:07:50.419902Z,price_change,0.96,SELL,-1000,0.92,0.9299999999999999
2026-01-04T17:07:50.423447Z,price_change,0.84,BUY,500,0.92,0.9299999999999999
2026-01-04T17:07:50.425297Z,price_change,0.9299999999999999,SELL,-100,0.92,0.9299999999999999
2026-01-04T17:07:50.425297Z,price_change,0.95,SELL,100,0.92,0.9299999999999999
2026-01-04T17:07:50.438585Z,price_change,0.84,BUY,-124,0.92,0.9299999999999999
2026-01-04T17:07:50.470202Z,price_change,0.84,BUY,124,0.92,0.9299999999999999
2026-01-04T17:07:50.483557Z,price_change,0.84,BUY,-281,0.92,0.9299999999999999
2026-01-04T17:07:50.488511Z,price_change,0.61,BUY,-238,0.92,0.9299999999999999
2026-01-04T17:07:50.491102Z,price_change,0.84,BUY,236,0.92,0.9299999999999999
2026-01-04T17:07:50.507176Z,price_change,0.84,BUY,-219,0.92,0.9299999999999999
2026-01-04T17:07:50.507176Z,price_change,0.85,BUY,219,0.92,0.9299999999999999
2026-01-04T17:07:50.640985Z,price_change,0.92,BUY,-100,0.92,0.9299999999999999
2026-01-04T17:07:50.641669Z,price_change,0.85,BUY,-100,0.92,0.9299999999999999
2026-01-04T17:07:50.65889Z,price_change,0.85,BUY,-119,0.92,0.9299999999999999
2026-01-04T17:07:50.683926Z,price_change,0.85,BUY,219,0.92,0.9299999999999999
2026-01-04T17:07:50.704388Z,price_change,0.85,BUY,281,0.92,0.9299999999999999
2026-01-04T17:07:50.714249Z,price_change,0.9299999999999999,SELL,-37,0.92,0.9299999999999999
2026-01-04T17:07:50.714249Z,price_change,0.94,SELL,37,0.92,0.9299999999999999
2026-01-04T17:07:50.715676Z,price_change,0.85,BUY,-379,0.92,0.9299999999999999
2026-01-04T17:07:51.583868Z,price_change,0.85,BUY,-121,0.92,0.9299999999999999
2026-01-04T17:07:51.588223Z,price_change,0.92,BUY,-47,0.92,0.9299999999999999
2026-01-04T17:07:51.607372Z,price_change,0.95,SELL,1000,0.92,0.9299999999999999
2026-01-04T17:07:51.607743Z,price_change,0.84,BUY,500,0.92,0.9299999999999999
2026-01-04T17:07:51.679068Z,price_change,0.95,SELL,-100,0.92,0.9299999999999999
2026-01-04T17:07:51.679068Z,price_change,0.94,SELL,100,0.92,0.9299999999999999
2026-01-04T17:07:51.820619Z,price_change,0.94,SELL,-37,0.92,0.9299999999999999
2026-01-04T17:07:51.820619Z,price_change,0.9299999999999999,SELL,37,0.92,0.9299999999999999
2026-01-04T17:07:52.602174Z,price_change,0.84,BUY,-500,0.92,0.9299999999999999
2026-01-04T17:07:52.602174Z,price_change,0.85,BUY,500,0.92,0.9299999999999999
2026-01-04T17:07:53.441836Z,price_change,0.92,BUY,-30,0.92,0.9299999999999999
2026-01-04T17:07:56.813284Z,price_change,0.92,BUY,-7,0.92,0.9299999999999999
2026-01-04T17:07:57.412096Z,price_change,0.85,BUY,-6,0.92,0.9299999999999999
2026-01-04T17:07:57.414063Z,price_change,0.92,BUY,-13,0.92,0.9299999999999999
2026-01-04T17:07:57.457311Z,price_change,0.85,BUY,-10,0.92,0.9299999999999999
2026-01-04T17:07:58.457562Z,price_change,0.85,BUY,10,0.92,0.9299999999999999
2026-01-04T17:07:59.666124Z,price_change,0.92,BUY,-10,0.92,0.9299999999999999
2026-01-04T17:07:59.666244Z,price_change,0.85,BUY,6,0.92,0.9299999999999999
2026-01-04T17:07:59.683166Z,price_change,0.45,BUY,-318,0.92,0.9299999999999999
2026-01-04T17:07:59.686422Z,price_change,0.86,BUY,345,0.92,0.9299999999999999
2026-01-04T17:07:59.708256Z,price_change,0.85,BUY,-500,0.92,0.9299999999999999
2026-01-04T17:08:04.560424Z,price_change,0.95,SELL,-1000,0.92,0.9299999999999999
2026-01-04T17:08:04.784855Z,price_change,0.94,SELL,-100,0.92,0.9299999999999999
2026-01-04T17:08:04.784855Z,price_change,0.95,SELL,100,0.92,0.9299999999999999
2026-01-04T17:08:05.300362Z,price_change,0.9299999999999999,SELL,-37,0.92,0.9299999999999999
2026-01-04T17:08:05.300362Z,price_change,0.94,SELL,37,0.92,0.9299999999999999
2026-01-04T17:08:13.183755Z,price_change,0.92,BUY,-4,0.92,0.9299999999999999
2026-01-04T17:08:14.005137Z,price_change,0.96,SELL,-11,0.92,0.9299999999999999
2026-01-04T17:08:14.256129Z,price_change,0.92,BUY,-12,0.92,0.9299999999999999
2026-01-04T17:08:15.335636Z,price_change,0.96,SELL,32,0.92,0.9299999999999999
2026-01-04T17:08:19.560388Z,price_change,0.92,BUY,-1,0.9,0.9299999999999999
2026-01-04T17:08:19.584865Z,price_change,0.84,BUY,-236,0.9,0.9299999999999999
2026-01-04T17:08:19.587928Z,price_change,0.45,BUY,240,0.9,0.9299999999999999
2026-01-04T17:08:19.601203Z,price_change,0.84,BUY,500,0.9,0.9299999999999999
2026-01-04T17:08:19.653951Z,price_change,0.95,SELL,1000,0.9,0.9299999999999999
2026-01-04T17:08:19.704124Z,price_change,0.95,SELL,-100,0.9,0.9299999999999999
2026-01-04T17:08:19.704124Z,price_change,0.94,SELL,100,0.9,0.9299999999999999
2026-01-04T17:08:20.634799Z,price_change,0.94,SELL,-37,0.9,0.9299999999999999
2026-01-04T17:08:20.634799Z,price_change,0.9299999999999999,SELL,37,0.9,0.9299999999999999
2026-01-04T17:08:20.657228Z,price_change,0.9299999999999999,SELL,-10,0.9,0.9299999999999999
2026-01-04T17:08:20.657228Z,price_change,0.92,SELL,10,0.9,0.92
2026-01-04T17:08:20.676898Z,price_change,0.96,SELL,-596,0.9,0.92
2026-01-04T17:08:20.679728Z,price_change,0.95,SELL,558,0.9,0.92
2026-01-04T17:08:24.573957Z,price_change,0.95,SELL,-1000,0.9,0.92
2026-01-04T17:08:33.587489Z,price_change,0.9,BUY,-146,0.9,0.92
2026-01-04T17:08:39.696662Z,price_change,0.94,SELL,1000,0.9,0.92
2026-01-04T17:08:39.74789Z,price_change,0.94,SELL,-100,0.9,0.92
2026-01-04T17:08:39.74789Z,price_change,0.9299999999999999,SELL,100,0.9,0.92
2026-01-04T17:08:40.126577Z,price_change,0.9299999999999999,SELL,-37,0.9,0.92
2026-01-04T17:08:40.126577Z,price_change,0.92,SELL,37,0.9,0.92
2026-01-04T17:08:43.104021Z,price_change,0.92,SELL,-10,0.9,0.92
2026-01-04T17:08:43.104021Z,price_change,0.92,SELL,-5,0.9,0.92
2026-01-04T17:08:46.941849Z,price_change,0.96,SELL,-32,0.9,0.92
2026-01-04T17:08:46.941849Z,price_change,0.94,SELL,28,0.9,0.92
2026-01-04T17:08:50.09226Z,price_change,0.96,SELL,-480,0.9,0.92
2026-01-04T17:08:50.906513Z,price_change,0.84,BUY,-500,0.9,0.92
2026-01-04T17:08:50.906513Z,price_change,0.86,BUY,500,0.9,0.92
2026-01-04T17:08:53.501864Z,price_change,0.8,BUY,-20,0.9,0.92
2026-01-04T17:08:53.501864Z,price_change,0.91,BUY,20,0.91,0.92
2026-01-04T17:08:53.517257Z,price_change,0.45,BUY,-240,0.91,0.92
2026-01-04T17:08:53.518609Z,price_change,0.86,BUY,-345,0.91,0.92
2026-01-04T17:08:53.51986Z,price_change,0.91,BUY,609,0.91,0.92
2026-01-04T17:08:53.533526Z,price_change,0.86,BUY,-500,0.91,0.92
2026-01-04T17:08:53.533526Z,price_change,0.84,BUY,500,0.91,0.92
2026-01-04T17:08:53.548794Z,price_change,0.84,BUY,-500,0.91,0.92
2026-01-04T17:08:54.015313Z,price_change,0.92,SELL,-32,0.91,0.9299999999999999
2026-01-04T17:08:54.015313Z,price_change,0.9299999999999999,SELL,32,0.91,0.9299999999999999
2026-01-04T17:08:54.032368Z,price_change,0.95,SELL,-558,0.91,0.9299999999999999
2026-01-04T17:08:54.055863Z,price_change,0.94,SELL,-28,0.91,0.9299999999999999
2026-01-04T17:08:54.055863Z,price_change,0.95,SELL,16,0.91,0.9299999999999999
2026-01-04T17:09:22.002292Z,price_change,0.95,SELL,-16,0.91,0.9299999999999999
2026-01-04T17:09:22.021692Z,price_change,0.99,SELL,615,0.91,0.9299999999999999
2026-01-04T17:09:22.738514Z,price_change,0.95,SELL,15,0.91,0.9299999999999999
2026-01-04T17:09:35.451197Z,price_change,0.86,BUY,222,0.91,0.9299999999999999
2026-01-04T17:09:52.000228Z,price_change,0.95,SELL,-15,0.91,0.9299999999999999
2026-01-04T17:09:53.036787Z,price_change,0.94,SELL,10,0.91,0.9299999999999999
2026-01-04T17:10:11.44535Z,price_change,0.91,BUY,-20,0.91,0.9299999999999999
2026-01-04T17:10:11.44535Z,price_change,0.85,BUY,20,0.91,0.9299999999999999
2026-01-04T17:10:11.462604Z,price_change,0.91,BUY,-609,0.9,0.9299999999999999
2026-01-04T17:10:11.465328Z,price_change,0.45,BUY,520,0.9,0.9299999999999999
2026-01-04T17:10:11.467357Z,price_change,0.9,BUY,-250,0.9,0.9299999999999999
2026-01-04T17:10:11.481736Z,price_change,0.91,BUY,250,0.91,0.9299999999999999
2026-01-04T17:10:11.482289Z,price_change,0.89,BUY,100,0.91,0.9299999999999999
2026-01-04T17:10:11.486299Z,price_change,0.87,BUY,500,0.91,0.9299999999999999
2026-01-04T17:10:12.287283Z,price_change,0.91,BUY,-250,0.9,0.9299999999999999
2026-01-04T17:10:12.305326Z,price_change,0.89,BUY,250,0.9,0.9299999999999999
2026-01-04T17:10:15.889125Z,price_change,0.9,BUY,-5,0.9,0.9299999999999999
2026-01-04T17:10:15.889125Z,price_change,0.9,BUY,-1,0.9,0.9299999999999999
2026-01-04T17:10:15.889125Z,price_change,0.9,BUY,-50,0.89,0.9299999999999999
2026-01-04T17:10:15.889125Z,price_change,0.89,BUY,-34,0.89,0.9299999999999999
2026-01-04T17:10:15.938037Z,price_change,0.94,SELL,-10,0.89,0.9299999999999999
2026-01-04T17:10:15.938037Z,price_change,0.95,SELL,10,0.89,0.9299999999999999
2026-01-04T17:10:34.837067Z,price_change,0.95,SELL,3,0.89,0.9299999999999999
2026-01-04T17:10:42.381998Z,price_change,0.9299999999999999,SELL,-84,0.89,0.9299999999999999
2026-01-04T17:10:42.404772Z,price_change,0.94,SELL,-1000,0.89,0.9299999999999999
2026-01-04T17:10:42.424707Z,price_change,0.97,SELL,228,0.89,0.9299999999999999
2026-01-04T17:10:42.434271Z,price_change,0.95,SELL,-13,0.89,0.9299999999999999
2026-01-04T17:10:42.434271Z,price_change,0.96,SELL,11,0.89,0.9299999999999999
2026-01-04T17:10:42.476994Z,price_change,0.9299999999999999,SELL,-32,0.89,0.9299999999999999
2026-01-04T17:10:42.476994Z,price_change,0.96,SELL,32,0.89,0.9299999999999999
2026-01-04T17:10:42.502375Z,price_change,0.97,SELL,1000,0.89,0.9299999999999999
2026-01-04T17:10:42.516529Z,price_change,0.99,SELL,-615,0.89,0.9299999999999999
2026-01-04T17:10:42.519817Z,price_change,0.96,SELL,574,0.89,0.9299999999999999
2026-01-04T17:10:42.524379Z,price_change,0.97,SELL,-228,0.89,0.9299999999999999
2026-01-04T17:10:42.564033Z,price_change,0.9299999999999999,SELL,34,0.89,0.9299999999999999
2026-01-04T17:10:42.636487Z,price_change,0.9299999999999999,SELL,-16,0.89,0.9299999999999999
2026-01-04T17:10:42.636487Z,price_change,0.96,SELL,50,0.89,0.9299999999999999
2026-01-04T17:10:42.692321Z,price_change,0.96,SELL,-32,0.89,0.9299999999999999
2026-01-04T17:10:42.692321Z,price_change,0.95,SELL,32,0.89,0.9299999999999999
2026-01-04T17:10:45.002147Z,price_change,0.96,SELL,-11,0.89,0.9299999999999999
2026-01-04T17:10:45.060175Z,price_change,0.95,SELL,13,0.89,0.9299999999999999
2026-01-04T17:10:50.486465Z,price_change,0.96,SELL,-50,0.89,0.9299999999999999
2026-01-04T17:10:50.486465Z,price_change,0.95,SELL,50,0.89,0.9299999999999999
2026-01-04T17:10:50.520957Z,price_change,0.9299999999999999,SELL,-34,0.89,0.95
2026-01-04T17:10:50.540648Z,price_change,0.94,SELL,10,0.89,0.94
2026-01-04T17:10:50.643341Z,price_change,0.95,SELL,-13,0.89,0.94
2026-01-04T17:10:50.643341Z,price_change,0.96,SELL,13,0.89,0.94
2026-01-04T17:10:54.309448Z,price_change,0.96,SELL,238,0.89,0.94
2026-01-04T17:10:54.311756Z,price_change,0.94,SELL,90,0.89,0.94
2026-01-04T17:10:54.361282Z,price_change,0.95,SELL,-50,0.89,0.94
2026-01-04T17:10:54.361282Z,price_change,0.9299999999999999,SELL,50,0.89,0.9299999999999999
2026-01-04T17:10:54.501681Z,price_change,0.95,SELL,-32,0.89,0.9299999999999999
2026-01-04T17:10:54.501681Z,price_change,0.9299999999999999,SELL,32,0.89,0.9299999999999999
2026-01-04T17:10:54.519877Z,price_change,0.97,SELL,-1000,0.89,0.9299999999999999
2026-01-04T17:10:54.532807Z,price_change,0.94,SELL,1000,0.89,0.9299999999999999
2026-01-04T17:10:54.553469Z,price_change,0.96,SELL,-238,0.89,0.9299999999999999
2026-01-04T17:11:00.972652Z,price_change,0.94,SELL,-10,0.89,0.9299999999999999
2026-01-04T17:11:05.447033Z,price_change,0.94,SELL,-1000,0.89,0.9299999999999999
2026-01-04T17:11:05.448746Z,price_change,0.87,BUY,-45,0.89,0.9299999999999999
2026-01-04T17:11:05.463314Z,price_change,0.96,SELL,213,0.89,0.9299999999999999
2026-01-04T17:11:05.464412Z,price_change,0.96,SELL,1000,0.89,0.9299999999999999
2026-01-04T17:11:05.466902Z,price_change,0.94,SELL,10,0.89,0.9299999999999999
2026-01-04T17:11:05.484165Z,price_change,0.96,SELL,-213,0.89,0.9299999999999999
2026-01-04T17:11:05.497362Z,price_change,0.9299999999999999,SELL,-50,0.89,0.9299999999999999
2026-01-04T17:11:05.497362Z,price_change,0.95,SELL,50,0.89,0.9299999999999999
2026-01-04T17:11:05.811031Z,price_change,0.9299999999999999,SELL,-32,0.89,0.94
2026-01-04T17:11:05.811031Z,price_change,0.95,SELL,32,0.89,0.94
2026-01-04T17:11:05.829211Z,price_change,0.96,SELL,-1000,0.89,0.94
2026-01-04T17:11:05.845276Z,price_change,0.94,SELL,1000,0.89,0.94
2026-01-04T17:11:05.847083Z,price_change,0.96,SELL,213,0.89,0.94
2026-01-04T17:11:05.863129Z,price_change,0.96,SELL,-213,0.89,0.94
2026-01-04T17:11:06.954558Z,price_change,0.87,BUY,45,0.89,0.94
2026-01-04T17:11:09.39914Z,price_change,0.95,SELL,-32,0.89,0.94
2026-01-04T17:11:09.39914Z,price_change,0.9299999999999999,SELL,32,0.89,0.9299999999999999
2026-01-04T17:11:10.32992Z,price_change,0.95,SELL,-50,0.89,0.9299999999999999
2026-01-04T17:11:10.32992Z,price_change,0.9299999999999999,SELL,50,0.89,0.9299999999999999
2026-01-04T17:11:14.710986Z,price_change,0.89,BUY,-100,0.89,0.9299999999999999
2026-01-04T17:11:14.714186Z,price_change,0.94,SELL,-100,0.89,0.9299999999999999
2026-01-04T17:11:16.000735Z,price_change,0.96,SELL,-13,0.89,0.9299999999999999
2026-01-04T17:11:16.024964Z,price_change,0.94,SELL,-1000,0.89,0.9299999999999999
2026-01-04T17:11:16.039468Z,price_change,0.96,SELL,1000,0.89,0.9299999999999999
2026-01-04T17:11:16.041705Z,price_change,0.94,SELL,11,0.89,0.9299999999999999
2026-01-04T17:11:16.046513Z,price_change,0.97,SELL,246,0.89,0.9299999999999999
2026-01-04T17:11:16.057934Z,price_change,0.97,SELL,-246,0.89,0.9299999999999999
2026-01-04T17:11:16.060225Z,price_change,0.9299999999999999,SELL,-50,0.89,0.9299999999999999
2026-01-04T17:11:16.060225Z,price_change,0.94,SELL,50,0.89,0.9299999999999999
2026-01-04T17:11:16.06224Z,price_change,0.94,SELL,-11,0.89,0.9299999999999999
2026-01-04T17:11:16.06224Z,price_change,0.95,SELL,10,0.89,0.9299999999999999
2026-01-04T17:11:16.089314Z,price_change,0.9299999999999999,SELL,-32,0.89,0.94
2026-01-04T17:11:16.089314Z,price_change,0.94,SELL,32,0.89,0.94
2026-01-04T17:11:16.109994Z,price_change,0.95,SELL,100,0.89,0.94
2026-01-04T17:11:16.132195Z,price_change,0.96,SELL,-1000,0.89,0.94
2026-01-04T17:11:18.187896Z,price_change,0.95,SELL,1000,0.89,0.94
2026-01-04T17:11:21.744636Z,price_change,0.89,BUY,100,0.89,0.94
2026-01-04T17:11:21.759939Z,price_change,0.96,SELL,-574,0.89,0.94
2026-01-04T17:11:21.762673Z,price_change,0.99,SELL,598,0.89,0.94
2026-01-04T17:11:27.221301Z,price_change,0.87,BUY,-500,0.89,0.94
2026-01-04T17:11:27.221301Z,price_change,0.84,BUY,255,0.89,0.94
2026-01-04T17:11:27.226058Z,price_change,0.89,BUY,-100,0.89,0.94
2026-01-04T17:11:27.233476Z,price_change,0.95,SELL,-10,0.89,0.94
2026-01-04T17:11:27.233476Z,price_change,0.94,SELL,10,0.89,0.94
2026-01-04T17:11:27.254117Z,price_change,0.84,BUY,245,0.89,0.94
2026-01-04T17:11:27.984207Z,price_change,0.95,SELL,-1000,0.89,0.94
2026-01-04T17:11:28.004236Z,price_change,0.97,SELL,244,0.89,0.94
2026-01-04T17:11:28.035997Z,price_change,0.94,SELL,-10,0.89,0.94
2026-01-04T17:11:28.035997Z,price_change,0.95,SELL,10,0.89,0.94
2026-01-04T17:11:32.141366Z,price_change,0.95,SELL,-10,0.89,0.94
2026-01-04T17:11:32.141366Z,price_change,0.96,SELL,10,0.89,0.94
2026-01-04T17:11:32.865877Z,price_change,0.97,SELL,51,0.89,0.94
2026-01-04T17:11:40.332474Z,price_change,0.89,BUY,-250,0.89,0.94
2026-01-04T17:11:40.346191Z,price_change,0.87,BUY,250,0.89,0.94
2026-01-04T17:11:41.388102Z,price_change,0.97,SELL,-295,0.89,0.94
2026-01-04T17:11:41.388102Z,price_change,0.96,SELL,500,0.89,0.94
2026-01-04T17:11:41.391317Z,price_change,0.95,SELL,-100,0.89,0.94
2026-01-04T17:11:41.391317Z,price_change,0.94,SELL,100,0.89,0.94
2026-01-04T17:11:41.467274Z,price_change,0.94,SELL,-32,0.89,0.94
2026-01-04T17:11:41.467274Z,price_change,0.9299999999999999,SELL,32,0.89,0.9299999999999999
2026-01-04T17:11:41.795391Z,price_change,0.94,SELL,-50,0.89,0.9299999999999999
2026-01-04T17:11:41.795391Z,price_change,0.9299999999999999,SELL,50,0.89,0.9299999999999999
2026-01-04T17:11:42.02618Z,price_change,0.87,BUY,-250,0.89,0.9299999999999999
2026-01-04T17:11:42.569751Z,price_change,0.94,SELL,1000,0.89,0.9299999999999999
2026-01-04T17:11:42.589144Z,price_change,0.96,SELL,-500,0.89,0.9299999999999999
2026-01-04T17:11:43.775497Z,price_change,0.96,SELL,-10,0.89,0.9299999999999999
2026-01-04T17:11:43.775497Z,price_change,0.94,SELL,13,0.89,0.9299999999999999
2026-01-04T17:11:46.000394Z,price_change,0.94,SELL,-13,0.89,0.9299999999999999
2026-01-04T17:11:46.156569Z,price_change,0.94,SELL,11,0.89,0.9299999999999999
2026-01-04T17:11:47.235175Z,price_change,0.94,SELL,-11,0.89,0.9299999999999999
2026-01-04T17:11:47.235175Z,price_change,0.96,SELL,11,0.89,0.9299999999999999
2026-01-04T17:11:57.173084Z,price_change,0.88,BUY,250,0.89,0.9299999999999999
2026-01-04T17:11:57.193989Z,price_change,0.99,SELL,-598,0.89,0.9299999999999999
2026-01-04T17:11:57.196686Z,price_change,0.96,SELL,565,0.89,0.9299999999999999
2026-01-04T17:12:07.659483Z,price_change,0.84,BUY,-500,0.89,0.9299999999999999
2026-01-04T17:12:07.659483Z,price_change,0.85,BUY,500,0.89,0.9299999999999999
2026-01-04T17:12:13.092274Z,price_change,0.92,SELL,53,0.89,0.92
2026-01-04T17:12:16.000662Z,price_change,0.96,SELL,-11,0.89,0.92
2026-01-04T17:12:16.112752Z,price_change,0.88,BUY,-250,0.89,0.92
2026-01-04T17:12:16.131453Z,price_change,0.45,BUY,-520,0.89,0.92
2026-01-04T17:12:16.133902Z,price_change,0.87,BUY,601,0.89,0.92
2026-01-04T17:12:16.155972Z,price_change,0.85,BUY,-500,0.89,0.92
2026-01-04T17:12:16.162596Z,price_change,0.9299999999999999,SELL,10,0.89,0.92
2026-01-04T17:12:19.489838Z,price_change,0.89,BUY,100,0.89,0.92
2026-01-04T17:12:19.490312Z,price_change,0.87,BUY,500,0.89,0.92
2026-01-04T17:12:31.308028Z,price_change,0.89,BUY,250,0.89,0.92
2026-01-04T17:12:31.325539Z,price_change,0.87,BUY,-500,0.89,0.92
2026-01-04T17:12:36.387444Z,price_change,0.9299999999999999,SELL,-10,0.89,0.92
2026-01-04T17:12:36.387444Z,price_change,0.94,SELL,10,0.89,0.92
2026-01-04T17:12:38.746521Z,price_change,0.92,SELL,-1,0.89,0.92
2026-01-04T17:12:39.161315Z,price_change,0.9,BUY,1,0.9,0.92
2026-01-04T17:12:39.178669Z,price_change,0.87,BUY,-601,0.9,0.92
2026-01-04T17:12:39.181406Z,price_change,0.9,BUY,583,0.9,0.92
2026-01-04T17:12:41.181837Z,price_change,0.89,BUY,-250,0.9,0.92
2026-01-04T17:12:41.201743Z,price_change,0.87,BUY,500,0.9,0.92
2026-01-04T17:12:41.20457Z,price_change,0.91,BUY,1,0.91,0.92
2026-01-04T17:12:41.23833Z,price_change,0.94,SELL,-10,0.91,0.92
2026-01-04T17:12:41.23833Z,price_change,0.95,SELL,10,0.91,0.92
2026-01-04T17:12:45.000503Z,price_change,0.44,BUY,-3103,0.91,0.92
2026-01-04T17:12:45.000503Z,price_change,0.38,BUY,-3916,0.91,0.92
2026-01-04T17:12:45.000503Z,price_change,0.41,BUY,-3341,0.91,0.92
2026-01-04T17:12:45.764818Z,price_change,0.95,SELL,-10,0.91,0.92
2026-01-04T17:12:45.764818Z,price_change,0.94,SELL,14,0.91,0.92
2026-01-04T17:12:47.843231Z,price_change,0.91,BUY,48,0.91,0.92
2026-01-04T17:12:49.143941Z,price_change,0.9,BUY,-1,0.91,0.92
2026-01-04T17:12:49.492183Z,price_change,0.87,BUY,-500,0.91,0.92
2026-01-04T17:12:49.497044Z,price_change,0.89,BUY,-80,0.91,0.92
2026-01-04T17:12:50.000354Z,price_change,0.94,SELL,-14,0.91,0.92
2026-01-04T17:12:50.635627Z,price_change,0.9299999999999999,SELL,10,0.91,0.92
2026-01-04T17:12:51.512526Z,price_change,0.89,BUY,-20,0.91,0.92
2026-01-04T17:12:51.62821Z,price_change,0.91,BUY,-1,0.91,0.92
2026-01-04T17:12:56.395132Z,price_change,0.89,BUY,250,0.91,0.92
2026-01-04T17:12:56.435022Z,price_change,0.91,BUY,-48,0.9,0.92
2026-01-04T17:12:56.435022Z,price_change,0.9,BUY,48,0.9,0.92
2026-01-04T17:13:06.252375Z,price_change,0.94,SELL,-1000,0.9,0.92
2026-01-04T17:13:06.271857Z,price_change,0.96,SELL,500,0.9,0.92
2026-01-04T17:13:06.280052Z,price_change,0.9299999999999999,SELL,-10,0.9,0.92
2026-01-04T17:13:06.280052Z,price_change,0.94,SELL,10,0.9,0.92
2026-01-04T17:13:11.313311Z,price_change,0.01,BUY,190,0.9,0.92
2026-01-04T17:13:17.46694Z,price_change,0.94,SELL,-100,0.9,0.92
2026-01-04T17:13:17.725773Z,price_change,0.9299999999999999,SELL,-50,0.9,0.92
2026-01-04T17:13:17.725773Z,price_change,0.95,SELL,50,0.9,0.92
2026-01-04T17:13:17.861812Z,price_change,0.9299999999999999,SELL,-32,0.9,0.92
2026-01-04T17:13:17.861812Z,price_change,0.95,SELL,32,0.9,0.92
2026-01-04T17:13:17.882434Z,price_change,0.97,SELL,-339,0.9,0.92
2026-01-04T17:13:17.885314Z,price_change,0.98,SELL,-518,0.9,0.92
2026-01-04T17:13:17.886684Z,price_change,0.95,SELL,659,0.9,0.92
2026-01-04T17:13:17.906503Z,price_change,0.96,SELL,-500,0.9,0.92
2026-01-04T17:13:18.032169Z,price_change,0.95,SELL,-50,0.9,0.92
2026-01-04T17:13:18.032169Z,price_change,0.94,SELL,50,0.9,0.92
2026-01-04T17:13:18.136641Z,price_change,0.95,SELL,-32,0.9,0.92
2026-01-04T17:13:18.136641Z,price_change,0.94,SELL,32,0.9,0.92
2026-01-04T17:13:21.470517Z,price_change,0.95,SELL,1000,0.9,0.92
2026-01-04T17:13:21.488175Z,price_change,0.96,SELL,-565,0.9,0.92
2026-01-04T17:13:21.490883Z,price_change,0.98,SELL,570,0.9,0.92
2026-01-04T17:13:24.038302Z,price_change,0.1,BUY,7,0.9,0.92
2026-01-04T17:13:26.263992Z,price_change,0.95,SELL,-1000,0.9,0.92
2026-01-04T17:13:26.281589Z,price_change,0.97,SELL,500,0.9,0.92
2026-01-04T17:13:26.290487Z,price_change,0.94,SELL,-10,0.9,0.92
2026-01-04T17:13:26.290487Z,price_change,0.95,SELL,10,0.9,0.92
2026-01-04T17:13:31.001024Z,price_change,0.9,BUY,-48,0.9,0.92
2026-01-04T17:13:31.023494Z,price_change,0.9,BUY,-583,0.89,0.92
2026-01-04T17:13:31.027043Z,price_change,0.36,BUY,601,0.89,0.92
2026-01-04T17:13:31.028259Z,price_change,0.97,SELL,287,0.89,0.92
2026-01-04T17:13:31.038636Z,price_change,0.86,BUY,500,0.89,0.92
2026-01-04T17:13:31.045176Z,price_change,0.88,BUY,100,0.89,0.92
2026-01-04T17:13:31.046765Z,price_change,0.97,SELL,-500,0.89,0.92
2026-01-04T17:13:31.046765Z,price_change,0.96,SELL,500,0.89,0.92
2026-01-04T17:13:32.043788Z,price_change,0.9,BUY,50,0.9,0.92
2026-01-04T17:13:32.146914Z,price_change,0.9,BUY,-50,0.89,0.92
2026-01-04T17:13:32.265025Z,price_change,0.9299999999999999,SELL,10,0.89,0.92
2026-01-04T17:13:32.29985Z,price_change,0.9299999999999999,SELL,52,0.89,0.92
2026-01-04T17:13:33.622448Z,price_change,0.31,BUY,1,0.89,0.92
2026-01-04T17:13:34.000079Z,price_change,0.95,SELL,-10,0.89,0.92
2026-01-04T17:13:35.042622Z,price_change,0.95,SELL,26,0.89,0.92
2026-01-04T17:13:41.525172Z,price_change,0.95,SELL,1000,0.89,0.92
2026-01-04T17:13:41.543529Z,price_change,0.96,SELL,-500,0.89,0.92
2026-01-04T17:13:42.424567Z,price_change,0.9299999999999999,SELL,-10,0.89,0.92
2026-01-04T17:13:47.814973Z,price_change,0.71,BUY,2,0.89,0.92
2026-01-04T17:13:52.703378Z,price_change,0.76,BUY,2,0.89,0.92
2026-01-04T17:13:58.186838Z,price_change,0.81,BUY,2,0.89,0.92
2026-01-04T17:14:03.442831Z,price_change,0.9,BUY,70,0.9,0.92
2026-01-04T17:14:03.462459Z,price_change,0.95,SELL,-16,0.9,0.92
2026-01-04T17:14:03.520243Z,price_change,0.86,BUY,2,0.9,0.92
2026-01-04T17:14:03.545384Z,price_change,0.9,BUY,-70,0.89,0.92
2026-01-04T17:14:03.545384Z,price_change,0.89,BUY,70,0.89,0.92
2026-01-04T17:14:05.000012Z,price_change,0.95,SELL,-10,0.89,0.92
2026-01-04T17:14:05.760341Z,price_change,0.9299999999999999,SELL,10,0.89,0.92
2026-01-04T17:14:11.388308Z,price_change,0.95,SELL,-1000,0.89,0.92
2026-01-04T17:14:11.412852Z,price_change,0.96,SELL,500,0.89,0.92
2026-01-04T17:14:11.417445Z,price_change,0.9299999999999999,SELL,-10,0.89,0.92
2026-01-04T17:14:11.417445Z,price_change,0.94,SELL,10,0.89,0.92
2026-01-04T17:14:17.047748Z,price_change,0.89,BUY,-54,0.89,0.92
2026-01-04T17:14:17.06799Z,price_change,0.94,SELL,-10,0.89,0.92
2026-01-04T17:14:17.06799Z,price_change,0.95,SELL,10,0.89,0.92
2026-01-04T17:14:20.527102Z,price_change,0.92,SELL,-29,0.89,0.92
2026-01-04T17:14:20.557483Z,price_change,0.89,BUY,-16,0.89,0.92
2026-01-04T17:14:21.391083Z,price_change,0.9,BUY,32,0.9,0.92
2026-01-04T17:14:23.063868Z,price_change,0.88,BUY,-100,0.9,0.92
2026-01-04T17:14:26.784188Z,price_change,0.95,SELL,1000,0.9,0.92
2026-01-04T17:14:26.807882Z,price_change,0.96,SELL,-500,0.9,0.92
2026-01-04T17:14:27.842745Z,price_change,0.95,SELL,22,0.9,0.92
2026-01-04T17:14:31.438864Z,price_change,0.89,BUY,-250,0.9,0.92
2026-01-04T17:14:31.456106Z,price_change,0.36,BUY,-601,0.9,0.92
2026-01-04T17:14:31.45867Z,price_change,0.87,BUY,608,0.9,0.92
2026-01-04T17:14:31.509663Z,price_change,0.86,BUY,-500,0.9,0.92
2026-01-04T17:14:31.537192Z,price_change,0.9,BUY,61,0.9,0.92
2026-01-04T17:14:33.335856Z,price_change,0.9,BUY,7,0.9,0.92
2026-01-04T17:14:35.000683Z,price_change,0.95,SELL,-32,0.9,0.92
2026-01-04T17:14:36.042215Z,price_change,0.95,SELL,33,0.9,0.92
2026-01-04T17:14:45.47996Z,price_change,0.95,SELL,-1000,0.9,0.92
2026-01-04T17:14:45.500554Z,price_change,0.96,SELL,500,0.9,0.92
2026-01-04T17:14:45.517486Z,price_change,0.89,BUY,250,0.9,0.92
2026-01-04T17:14:49.786231Z,price_change,0.9,BUY,-32,0.9,0.92
2026-01-04T17:15:00.84115Z,price_change,0.95,SELL,1000,0.9,0.92
2026-01-04T17:15:00.860238Z,price_change,0.96,SELL,-500,0.9,0.92
2026-01-04T17:15:03.617155Z,price_change,0.89,BUY,-250,0.9,0.92
2026-01-04T17:15:03.632595Z,price_change,0.87,BUY,-608,0.9,0.92
2026-01-04T17:15:03.635035Z,price_change,0.36,BUY,608,0.9,0.92
2026-01-04T17:15:03.635225Z,price_change,0.87,BUY,250,0.9,0.92
2026-01-04T17:15:03.649299Z,price_change,0.83,BUY,500,0.9,0.92
2026-01-04T17:15:03.662634Z,price_change,0.83,BUY,-500,0.9,0.92
2026-01-04T17:15:06.545063Z,price_change,0.92,SELL,-1,0.9,0.92
2026-01-04T17:15:06.573147Z,price_change,0.9,BUY,-16,0.9,0.92
2026-01-04T17:15:06.595721Z,price_change,0.95,SELL,-33,0.9,0.92
2026-01-04T17:15:06.595721Z,price_change,0.94,SELL,14,0.9,0.92
2026-01-04T17:15:08.798261Z,price_change,0.9,BUY,-20,0.9,0.92
2026-01-04T17:15:08.827608Z,price_change,0.9,BUY,-25,0.9,0.92
2026-01-04T17:15:09.543107Z,price_change,0.95,SELL,-1000,0.9,0.92
2026-01-04T17:15:09.561344Z,price_change,0.96,SELL,500,0.9,0.92
2026-01-04T17:15:16.341725Z,price_change,0.85,BUY,500,0.9,0.92
2026-01-04T17:15:16.371411Z,price_change,0.87,BUY,-250,0.9,0.92
2026-01-04T17:15:16.413495Z,price_change,0.89,BUY,250,0.9,0.92
2026-01-04T17:15:23.023452Z,price_change,0.92,SELL,-5,0.9,0.92
2026-01-04T17:15:23.069884Z,price_change,0.94,SELL,-14,0.9,0.92
2026-01-04T17:15:23.069884Z,price_change,0.95,SELL,14,0.9,0.92
2026-01-04T17:15:24.921627Z,price_change,0.95,SELL,1000,0.9,0.92
2026-01-04T17:15:24.941437Z,price_change,0.96,SELL,-500,0.9,0.92
2026-01-04T17:15:30.047253Z,price_change,0.85,BUY,-500,0.9,0.92
2026-01-04T17:15:30.047253Z,price_change,0.86,BUY,500,0.9,0.92
2026-01-04T17:15:31.001339Z,price_change,0.95,SELL,-14,0.9,0.92
2026-01-04T17:15:31.299407Z,price_change,0.95,SELL,21,0.9,0.92
2026-01-04T17:15:35.416519Z,price_change,0.86,BUY,-500,0.9,0.92
2026-01-04T17:15:35.416519Z,price_change,0.87,BUY,500,0.9,0.92
2026-01-04T17:15:35.417056Z,price_change,0.89,BUY,-250,0.9,0.92
2026-01-04T17:15:35.418342Z,price_change,0.89,BUY,100,0.9,0.92
2026-01-04T17:15:35.423374Z,price_change,0.95,SELL,-1,0.9,0.92
2026-01-04T17:15:35.434429Z,price_change,0.84,BUY,250,0.9,0.92
,book,0.9000,BUY,7,0.9000,0.92
,book,0.92,SELL,17,0.9000,0.92
2026-01-04T17:15:44.020109Z,price_change,0.84,BUY,-250,0.9,0.92
2026-01-04T17:15:44.035479Z,price_change,0.36,BUY,-608,0.9,0.92
2026-01-04T17:15:44.038058Z,price_change,0.9,BUY,578,0.9,0.92
2026-01-04T17:15:44.039256Z,price_change,0.89,BUY,250,0.9,0.92
2026-01-04T17:15:44.061297Z,price_change,0.87,BUY,-500,0.9,0.92
2026-01-04T17:15:44.1446Z,price_change,0.91,BUY,34,0.91,0.92
2026-01-04T17:15:50.646436Z,price_change,0.95,SELL,-1000,0.91,0.92
2026-01-04T17:15:50.668688Z,price_change,0.96,SELL,446,0.91,0.92
2026-01-04T17:15:58.063495Z,price_change,0.96,SELL,-3,0.91,0.92
2026-01-04T17:15:59.929547Z,price_change,0.96,SELL,-32,0.91,0.92
2026-01-04T17:16:00.043925Z,price_change,0.96,SELL,-18,0.91,0.92
2026-01-04T17:16:00.762622Z,price_change,0.96,SELL,17,0.91,0.92
2026-01-04T17:16:01.000011Z,price_change,0.95,SELL,-20,0.91,0.92
2026-01-04T17:16:01.338722Z,price_change,0.96,SELL,-410,0.91,0.92
2026-01-04T17:16:01.345446Z,price_change,0.95,SELL,22,0.91,0.92
2026-01-04T17:16:03.153404Z,price_change,0.92,SELL,-17,0.91,0.93
2026-01-04T17:16:03.172285Z,price_change,0.95,SELL,-659,0.91,0.93
2026-01-04T17:16:03.174981Z,price_change,0.99,SELL,581,0.91,0.93
2026-01-04T17:16:03.191737Z,price_change,0.97,SELL,261,0.91,0.93
2026-01-04T17:16:03.201188Z,price_change,0.95,SELL,-22,0.91,0.93
2026-01-04T17:16:03.201188Z,price_change,0.96,SELL,22,0.91,0.93
2026-01-04T17:16:03.240386Z,price_change,0.94,SELL,-50,0.91,0.93
2026-01-04T17:16:03.240386Z,price_change,0.96,SELL,50,0.91,0.93
2026-01-04T17:16:03.278524Z,price_change,0.94,SELL,-32,0.91,0.93
2026-01-04T17:16:03.278524Z,price_change,0.96,SELL,32,0.91,0.93
2026-01-04T17:16:03.295577Z,price_change,0.9299999999999999,SELL,-52,0.91,0.9299999999999999
2026-01-04T17:16:03.31457Z,price_change,0.97,SELL,-287,0.91,0.9299999999999999
2026-01-04T17:16:03.317197Z,price_change,0.95,SELL,100,0.91,0.9299999999999999
2026-01-04T17:16:03.32108Z,price_change,0.96,SELL,-22,0.91,0.9299999999999999
2026-01-04T17:16:03.32108Z,price_change,0.97,SELL,22,0.91,0.9299999999999999
2026-01-04T17:16:03.350577Z,price_change,0.95,SELL,60,0.91,0.9299999999999999
2026-01-04T17:16:03.376883Z,price_change,0.96,SELL,-50,0.91,0.9299999999999999
2026-01-04T17:16:03.376883Z,price_change,0.94,SELL,50,0.91,0.9299999999999999
2026-01-04T17:16:03.450724Z,price_change,0.96,SELL,-32,0.91,0.9299999999999999
2026-01-04T17:16:03.450724Z,price_change,0.94,SELL,32,0.91,0.9299999999999999
2026-01-04T17:16:06.169595Z,price_change,0.95,SELL,1000,0.91,0.9299999999999999
2026-01-04T17:16:06.186254Z,price_change,0.97,SELL,296,0.91,0.9299999999999999
2026-01-04T17:16:06.190038Z,price_change,0.97,SELL,-261,0.91,0.9299999999999999
2026-01-04T17:16:06.69684Z,price_change,0.89,BUY,-250,0.91,0.9299999999999999
2026-01-04T17:16:06.712542Z,price_change,0.87,BUY,500,0.91,0.9299999999999999
2026-01-04T17:16:06.747614Z,price_change,0.95,SELL,-60,0.91,0.9299999999999999
2026-01-04T17:16:08.943945Z,price_change,0.95,SELL,-100,0.91,0.9299999999999999
2026-01-04T17:16:10.028748Z,price_change,0.95,SELL,-1000,0.91,0.9299999999999999
2026-01-04T17:16:10.047956Z,price_change,0.97,SELL,205,0.91,0.9299999999999999
2026-01-04T17:16:10.049607Z,price_change,0.97,SELL,1000,0.91,0.9299999999999999
2026-01-04T17:16:10.067026Z,price_change,0.97,SELL,-205,0.91,0.9299999999999999
2026-01-04T17:16:10.384507Z,price_change,0.94,SELL,-50,0.91,0.9299999999999999
2026-01-04T17:16:10.384507Z,price_change,0.96,SELL,50,0.91,0.9299999999999999
2026-01-04T17:16:10.483201Z,price_change,0.94,SELL,-32,0.91,0.9299999999999999
2026-01-04T17:16:10.483201Z,price_change,0.96,SELL,32,0.91,0.9299999999999999
2026-01-04T17:16:10.506237Z,price_change,0.95,SELL,204,0.91,0.9299999999999999
2026-01-04T17:16:10.528774Z,price_change,0.97,SELL,-1000,0.91,0.9299999999999999
2026-01-04T17:16:10.540446Z,price_change,0.95,SELL,1000,0.91,0.9299999999999999
2026-01-04T17:16:10.574734Z,price_change,0.97,SELL,205,0.91,0.9299999999999999
2026-01-04T17:16:10.576874Z,price_change,0.96,SELL,-50,0.91,0.9299999999999999
2026-01-04T17:16:10.576874Z,price_change,0.94,SELL,50,0.91,0.9299999999999999
2026-01-04T17:16:10.588721Z,price_change,0.97,SELL,-205,0.91,0.9299999999999999
2026-01-04T17:16:10.600419Z,price_change,0.95,SELL,-204,0.91,0.9299999999999999
2026-01-04T17:16:10.96879Z,price_change,0.96,SELL,-32,0.91,0.9299999999999999
2026-01-04T17:16:10.96879Z,price_change,0.94,SELL,32,0.91,0.9299999999999999
2026-01-04T17:16:10.993948Z,price_change,0.95,SELL,-1000,0.91,0.9299999999999999
2026-01-04T17:16:11.006582Z,price_change,0.97,SELL,1000,0.91,0.9299999999999999
2026-01-04T17:16:11.013843Z,price_change,0.97,SELL,220,0.91,0.9299999999999999
2026-01-04T17:16:11.032447Z,price_change,0.97,SELL,-220,0.91,0.9299999999999999
2026-01-04T17:16:11.206536Z,price_change,0.94,SELL,-50,0.91,0.9299999999999999
2026-01-04T17:16:11.206536Z,price_change,0.96,SELL,50,0.91,0.9299999999999999
2026-01-04T17:16:11.314619Z,price_change,0.94,SELL,-32,0.91,0.9299999999999999
2026-01-04T17:16:11.314619Z,price_change,0.96,SELL,32,0.91,0.9299999999999999
2026-01-04T17:16:11.335803Z,price_change,0.95,SELL,10,0.91,0.9299999999999999
2026-01-04T17:16:11.337395Z,price_change,0.95,SELL,219,0.91,0.9299999999999999
2026-01-04T17:16:11.355419Z,price_change,0.97,SELL,-1000,0.91,0.9299999999999999
2026-01-04T17:16:11.370746Z,price_change,0.95,SELL,1000,0.91,0.9299999999999999
2026-01-04T17:16:11.374729Z,price_change,0.97,SELL,220,0.91,0.9299999999999999
2026-01-04T17:16:11.392128Z,price_change,0.97,SELL,-220,0.91,0.9299999999999999
2026-01-04T17:16:11.52084Z,price_change,0.96,SELL,-50,0.91,0.9299999999999999
2026-01-04T17:16:11.52084Z,price_change,0.94,SELL,50,0.91,0.9299999999999999
2026-01-04T17:16:11.547637Z,price_change,0.95,SELL,-219,0.91,0.9299999999999999
2026-01-04T17:16:11.55333Z,price_change,0.96,SELL,-32,0.91,0.9299999999999999
2026-01-04T17:16:11.55333Z,price_change,0.94,SELL,32,0.91,0.9299999999999999
2026-01-04T17:16:11.568543Z,price_change,0.95,SELL,-1000,0.91,0.9299999999999999
2026-01-04T17:16:11.599986Z,price_change,0.97,SELL,220,0.91,0.9299999999999999
2026-01-04T17:16:11.756569Z,price_change,0.94,SELL,-50,0.91,0.9299999999999999
2026-01-04T17:16:11.756569Z,price_change,0.96,SELL,50,0.91,0.9299999999999999
2026-01-04T17:16:11.77407Z,price_change,0.97,SELL,1000,0.91,0.9299999999999999
2026-01-04T17:16:11.792112Z,price_change,0.97,SELL,-220,0.91,0.9299999999999999
2026-01-04T17:16:11.832577Z,price_change,0.94,SELL,-32,0.91,0.9299999999999999
2026-01-04T17:16:11.832577Z,price_change,0.96,SELL,32,0.91,0.9299999999999999
2026-01-04T17:16:12.530958Z,price_change,0.95,SELL,90,0.91,0.9299999999999999
2026-01-04T17:16:12.792843Z,price_change,0.96,SELL,-50,0.91,0.9299999999999999
2026-01-04T17:16:12.792843Z,price_change,0.94,SELL,50,0.91,0.9299999999999999
2026-01-04T17:16:12.812331Z,price_change,0.97,SELL,-1000,0.91,0.9299999999999999
2026-01-04T17:16:12.827825Z,price_change,0.95,SELL,1000,0.91,0.9299999999999999
2026-01-04T17:16:12.831271Z,price_change,0.96,SELL,-32,0.91,0.9299999999999999
2026-01-04T17:16:12.831271Z,price_change,0.94,SELL,32,0.91,0.9299999999999999
2026-01-04T17:16:12.832334Z,price_change,0.97,SELL,219,0.91,0.9299999999999999
2026-01-04T17:16:12.845384Z,price_change,0.97,SELL,-219,0.91,0.9299999999999999
2026-01-04T17:16:14.488184Z,price_change,0.87,BUY,-500,0.91,0.9299999999999999
2026-01-04T17:16:14.488184Z,price_change,0.88,BUY,500,0.91,0.9299999999999999
2026-01-04T17:16:16.261923Z,price_change,0.88,BUY,-11,0.91,0.9299999999999999
2026-01-04T17:16:16.842418Z,price_change,0.88,BUY,-11,0.91,0.9299999999999999
2026-01-04T17:16:20.378238Z,price_change,0.88,BUY,-28,0.91,0.9299999999999999
2026-01-04T17:16:20.476389Z,price_change,0.88,BUY,-11,0.91,0.9299999999999999
2026-01-04T17:16:22.152091Z,price_change,0.9,BUY,250,0.91,0.9299999999999999
2026-01-04T17:16:22.170632Z,price_change,0.88,BUY,-439,0.91,0.9299999999999999
2026-01-04T17:16:22.171016Z,price_change,0.89,BUY,-100,0.91,0.9299999999999999
2026-01-04T17:16:22.171016Z,price_change,0.9,BUY,100,0.91,0.9299999999999999
2026-01-04T17:16:23.604154Z,price_change,0.95,SELL,-100,0.91,0.9299999999999999
2026-01-04T17:16:23.604154Z,price_change,0.96,SELL,100,0.91,0.9299999999999999
2026-01-04T17:16:23.607385Z,price_change,0.96,SELL,-100,0.91,0.9299999999999999
2026-01-04T17:16:23.860692Z,price_change,0.94,SELL,-50,0.91,0.9299999999999999
2026-01-04T17:16:23.860692Z,price_change,0.95,SELL,50,0.91,0.9299999999999999
2026-01-04T17:16:23.880972Z,price_change,0.95,SELL,-1000,0.91,0.9299999999999999
2026-01-04T17:16:23.896994Z,price_change,0.97,SELL,1000,0.91,0.9299999999999999
2026-01-04T17:16:24.003311Z,price_change,0.94,SELL,-32,0.91,0.9299999999999999
2026-01-04T17:16:24.003311Z,price_change,0.95,SELL,32,0.91,0.9299999999999999
2026-01-04T17:16:24.277162Z,price_change,0.95,SELL,-50,0.91,0.9299999999999999
2026-01-04T17:16:24.277162Z,price_change,0.96,SELL,50,0.91,0.9299999999999999
2026-01-04T17:16:24.601956Z,price_change,0.9,BUY,-100,0.91,0.9299999999999999
2026-01-04T17:16:24.601956Z,price_change,0.91,BUY,100,0.91,0.9299999999999999
2026-01-04T17:16:24.604111Z,price_change,0.91,BUY,100,0.91,0.9299999999999999
2026-01-04T17:16:24.854905Z,price_change,0.9,BUY,-250,0.91,0.9299999999999999
2026-01-04T17:16:24.87146Z,price_change,0.91,BUY,250,0.91,0.9299999999999999
2026-01-04T17:16:24.873199Z,price_change,0.9,BUY,-578,0.91,0.9299999999999999
2026-01-04T17:16:24.87378Z,price_change,0.89,BUY,500,0.91,0.9299999999999999
2026-01-04T17:16:24.87603Z,price_change,0.36,BUY,586,0.91,0.9299999999999999
2026-01-04T17:16:24.979556Z,price_change,0.92,BUY,34,0.92,0.9299999999999999
2026-01-04T17:16:25.602232Z,price_change,0.96,SELL,100,0.92,0.9299999999999999
2026-01-04T17:16:25.618794Z,price_change,0.97,SELL,-1000,0.92,0.9299999999999999
2026-01-04T17:16:25.631943Z,price_change,0.96,SELL,1000,0.92,0.9299999999999999
2026-01-04T17:16:25.687294Z,price_change,0.96,SELL,-50,0.92,0.9299999999999999
2026-01-04T17:16:25.687294Z,price_change,0.95,SELL,50,0.92,0.9299999999999999
2026-01-04T17:16:32.266975Z,price_change,0.95,SELL,-26,0.92,0.9299999999999999
2026-01-04T17:16:32.297305Z,price_change,0.97,SELL,-22,0.92,0.9299999999999999
2026-01-04T17:16:32.297305Z,price_change,0.96,SELL,29,0.92,0.9299999999999999
2026-01-04T17:16:33.004549Z,price_change,0.95,SELL,20,0.92,0.9299999999999999
2026-01-04T17:16:33.026706Z,price_change,0.97,SELL,-296,0.92,0.9299999999999999
2026-01-04T17:16:33.073292Z,price_change,0.95,SELL,-5,0.92,0.9299999999999999
2026-01-04T17:16:36.772148Z,price_change,0.96,SELL,-1000,0.92,0.9299999999999999
2026-01-04T17:16:36.790913Z,price_change,0.98,SELL,500,0.92,0.9299999999999999
2026-01-04T17:16:36.796549Z,price_change,0.96,SELL,-29,0.92,0.9299999999999999
2026-01-04T17:16:36.796549Z,price_change,0.97,SELL,29,0.92,0.9299999999999999
2026-01-04T17:16:36.816379Z,price_change,0.97,SELL,-19,0.92,0.9299999999999999
2026-01-04T17:16:39.967877Z,price_change,0.95,SELL,-20,0.92,0.9299999999999999
2026-01-04T17:16:39.984658Z,price_change,0.99,SELL,-581,0.92,0.9299999999999999
2026-01-04T17:16:39.987475Z,price_change,0.97,SELL,698,0.92,0.9299999999999999
2026-01-04T17:16:40.006192Z,price_change,0.98,SELL,-500,0.92,0.9299999999999999
2026-01-04T17:16:43.467798Z,price_change,0.97,SELL,9,0.92,0.9299999999999999
2026-01-04T17:16:43.494194Z,price_change,0.99,SELL,251,0.92,0.9299999999999999
2026-01-04T17:16:48.506906Z,price_change,0.91,BUY,-250,0.92,0.9299999999999999
2026-01-04T17:16:48.966151Z,price_change,0.96,SELL,1000,0.92,0.9299999999999999
2026-01-04T17:16:51.692907Z,price_change,0.95,SELL,-1,0.92,0.9299999999999999
2026-01-04T17:16:51.692907Z,price_change,0.95,SELL,-9,0.92,0.9299999999999999
2026-01-04T17:16:51.718517Z,price_change,0.97,SELL,-19,0.92,0.9299999999999999
2026-01-04T17:16:51.718517Z,price_change,0.96,SELL,25,0.92,0.9299999999999999
2026-01-04T17:16:52.031345Z,price_change,0.95,SELL,5,0.92,0.9299999999999999
2026-01-04T17:16:52.763733Z,price_change,0.95,SELL,39,0.92,0.9299999999999999
2026-01-04T17:16:59.197047Z,price_change,0.95,SELL,-5,0.92,0.9299999999999999
2026-01-04T17:16:59.893389Z,price_change,0.95,SELL,5,0.92,0.9299999999999999
2026-01-04T17:16:59.93068Z,price_change,0.95,SELL,-5,0.92,0.9299999999999999
2026-01-04T17:17:00.687589Z,price_change,0.95,SELL,5,0.92,0.9299999999999999
2026-01-04T17:17:00.724908Z,price_change,0.95,SELL,-5,0.92,0.9299999999999999
2026-01-04T17:17:02.000142Z,price_change,0.96,SELL,-25,0.92,0.9299999999999999
2026-01-04T17:17:03.058438Z,price_change,0.96,SELL,18,0.92,0.9299999999999999
2026-01-04T17:17:04.294019Z,price_change,0.91,BUY,250,0.92,0.9299999999999999
2026-01-04T17:17:04.640276Z,price_change,0.95,SELL,-3,0.92,0.9299999999999999
2026-01-04T17:17:09.823241Z,price_change,0.95,SELL,14,0.92,0.9299999999999999
2026-01-04T17:17:09.857541Z,price_change,0.95,SELL,-5,0.92,0.9299999999999999
2026-01-04T17:17:10.657222Z,price_change,0.95,SELL,-5,0.92,0.9299999999999999
2026-01-04T17:17:10.687907Z,price_change,0.95,SELL,14,0.92,0.9299999999999999
2026-01-04T17:17:10.725557Z,price_change,0.95,SELL,-14,0.92,0.9299999999999999
2026-01-04T17:17:11.756562Z,price_change,0.95,SELL,22,0.92,0.9299999999999999
2026-01-04T17:17:11.793557Z,price_change,0.95,SELL,-14,0.92,0.9299999999999999
2026-01-04T17:17:13.339659Z,price_change,0.93,BUY,300,0.93,0.9299999999999999
2026-01-04T17:17:13.357708Z,price_change,0.97,SELL,-698,0.93,0.9299999999999999
2026-01-04T17:17:13.361996Z,price_change,0.91,BUY,-250,0.93,0.9299999999999999
2026-01-04T17:17:13.374095Z,price_change,0.93,BUY,250,0.93,0.9299999999999999
2026-01-04T17:17:13.38582Z,price_change,0.96,SELL,-18,0.93,0.9299999999999999
2026-01-04T17:17:13.38582Z,price_change,0.97,SELL,16,0.93,0.9299999999999999
2026-01-04T17:17:13.619744Z,price_change,0.92,BUY,-34,0.93,0.9299999999999999
2026-01-04T17:17:13.815676Z,price_change,0.91,BUY,-34,0.93,0.9299999999999999
2026-01-04T17:17:18.884318Z,price_change,0.96,SELL,-1000,0.93,0.9299999999999999
2026-01-04T17:17:18.903545Z,price_change,0.98,SELL,500,0.93,0.9299999999999999
2026-01-04T17:17:19.245575Z,price_change,0.95,SELL,-1,0.93,0.9299999999999999
2026-01-04T17:17:20.48499Z,price_change,0.95,SELL,22,0.93,0.9299999999999999
2026-01-04T17:17:20.505192Z,price_change,0.95,SELL,-22,0.93,0.9299999999999999
2026-01-04T17:17:21.930893Z,price_change,0.98,SELL,-68,0.93,0.9299999999999999
2026-01-04T17:17:23.022538Z,price_change,0.98,SELL,-48,0.93,0.9299999999999999
2026-01-04T17:17:23.668782Z,price_change,0.98,SELL,31,0.93,0.9299999999999999
2026-01-04T17:17:29.158417Z,price_change,0.98,SELL,3,0.93,0.9299999999999999
2026-01-04T17:17:30.313509Z,price_change,0.95,SELL,22,0.93,0.9299999999999999
2026-01-04T17:17:30.344791Z,price_change,0.95,SELL,-22,0.93,0.9299999999999999
2026-01-04T17:17:31.369555Z,price_change,0.98,SELL,-284,0.93,0.9299999999999999
2026-01-04T17:17:31.373787Z,price_change,0.96,SELL,-40,0.93,0.9299999999999999
2026-01-04T17:17:31.438477Z,price_change,0.95,SELL,-28,0.93,0.9299999999999999
2026-01-04T17:17:31.438477Z,price_change,0.97,SELL,50,0.93,0.9299999999999999
2026-01-04T17:17:31.44879Z,price_change,0.95,SELL,-22,0.93,0.9299999999999999
2026-01-04T17:17:31.967641Z,price_change,0.95,SELL,-38,0.93,0.9299999999999999
2026-01-04T17:17:31.967641Z,price_change,0.97,SELL,38,0.93,0.9299999999999999
2026-01-04T17:17:32.200442Z,price_change,0.95,SELL,46,0.93,0.9299999999999999
2026-01-04T17:17:32.93472Z,price_change,0.97,SELL,-1,0.93,0.9299999999999999
2026-01-04T17:17:34.421079Z,price_change,0.97,SELL,1000,0.93,0.9299999999999999
2026-01-04T17:17:34.437895Z,price_change,0.98,SELL,-134,0.93,0.9299999999999999
2026-01-04T17:17:34.489131Z,price_change,0.97,SELL,-50,0.93,0.9299999999999999
2026-01-04T17:17:34.489131Z,price_change,0.96,SELL,50,0.93,0.9299999999999999
2026-01-04T17:17:35.036547Z,price_change,0.97,SELL,-37,0.93,0.9299999999999999
2026-01-04T17:17:35.036547Z,price_change,0.96,SELL,37,0.93,0.9299999999999999
2026-01-04T17:17:35.064709Z,price_change,0.97,SELL,-1000,0.93,0.9299999999999999
2026-01-04T17:17:35.077236Z,price_change,0.96,SELL,1000,0.93,0.9299999999999999
2026-01-04T17:17:35.082644Z,price_change,0.98,SELL,134,0.93,0.9299999999999999
2026-01-04T17:17:35.097619Z,price_change,0.98,SELL,-134,0.93,0.9299999999999999
2026-01-04T17:17:35.126062Z,price_change,0.96,SELL,-50,0.93,0.9299999999999999
2026-01-04T17:17:35.126062Z,price_change,0.97,SELL,50,0.93,0.9299999999999999
2026-01-04T17:17:35.706347Z,price_change,0.96,SELL,-1000,0.93,0.9299999999999999
2026-01-04T17:17:35.723515Z,price_change,0.98,SELL,1000,0.93,0.9299999999999999
2026-01-04T17:17:35.726884Z,price_change,0.98,SELL,121,0.93,0.9299999999999999
2026-01-04T17:17:35.739141Z,price_change,0.98,SELL,-121,0.93,0.9299999999999999
2026-01-04T17:17:36.459987Z,price_change,0.96,SELL,-37,0.93,0.9299999999999999
2026-01-04T17:17:36.459987Z,price_change,0.97,SELL,37,0.93,0.9299999999999999
2026-01-04T17:17:36.486299Z,price_change,0.98,SELL,-1000,0.93,0.9299999999999999
2026-01-04T17:17:36.502212Z,price_change,0.97,SELL,1000,0.93,0.9299999999999999
2026-01-04T17:17:36.506184Z,price_change,0.98,SELL,121,0.93,0.9299999999999999
2026-01-04T17:17:36.52279Z,price_change,0.98,SELL,-121,0.93,0.9299999999999999
2026-01-04T17:17:36.623001Z,price_change,0.97,SELL,-50,0.93,0.9299999999999999
2026-01-04T17:17:36.623001Z,price_change,0.96,SELL,50,0.93,0.9299999999999999
2026-01-04T17:17:37.070907Z,price_change,0.97,SELL,-37,0.93,0.9299999999999999
2026-01-04T17:17:37.070907Z,price_change,0.96,SELL,37,0.93,0.9299999999999999
2026-01-04T17:17:37.086627Z,price_change,0.97,SELL,-1000,0.93,0.9299999999999999
2026-01-04T17:17:37.099513Z,price_change,0.96,SELL,1000,0.93,0.9299999999999999
2026-01-04T17:17:37.107951Z,price_change,0.98,SELL,121,0.93,0.9299999999999999
2026-01-04T17:17:37.122695Z,price_change,0.98,SELL,-121,0.93,0.9299999999999999
2026-01-04T17:17:37.278039Z,price_change,0.96,SELL,-50,0.93,0.9299999999999999
2026-01-04T17:17:37.278039Z,price_change,0.97,SELL,50,0.93,0.9299999999999999
2026-01-04T17:17:37.29794Z,price_change,0.96,SELL,-1000,0.93,0.9299999999999999
2026-01-04T17:17:37.318025Z,price_change,0.98,SELL,121,0.93,0.9299999999999999
2026-01-04T17:17:37.903261Z,price_change,0.98,SELL,1000,0.93,0.9299999999999999
2026-01-04T17:17:37.903842Z,price_change,0.98,SELL,2,0.93,0.9299999999999999
2026-01-04T17:17:37.919777Z,price_change,0.98,SELL,-123,0.93,0.9299999999999999
2026-01-04T17:17:37.935425Z,price_change,0.96,SELL,-37,0.93,0.9299999999999999
2026-01-04T17:17:37.935425Z,price_change,0.97,SELL,37,0.93,0.9299999999999999
2026-01-04T17:17:39.054478Z,price_change,0.98,SELL,-1000,0.93,0.9299999999999999
2026-01-04T17:17:39.069382Z,price_change,0.98,SELL,122,0.93,0.9299999999999999
2026-01-04T17:17:39.080985Z,price_change,0.97,SELL,1000,0.93,0.9299999999999999
2026-01-04T17:17:39.10346Z,price_change,0.98,SELL,-122,0.93,0.9299999999999999
2026-01-04T17:17:39.146407Z,price_change,0.97,SELL,-50,0.93,0.9299999999999999
2026-01-04T17:17:39.146407Z,price_change,0.96,SELL,50,0.93,0.9299999999999999
2026-01-04T17:17:39.438933Z,price_change,0.97,SELL,-1000,0.93,0.9299999999999999
2026-01-04T17:17:39.452343Z,price_change,0.96,SELL,1000,0.93,0.9299999999999999
2026-01-04T17:17:39.458812Z,price_change,0.98,SELL,122,0.93,0.9299999999999999
2026-01-04T17:17:39.472796Z,price_change,0.98,SELL,-122,0.93,0.9299999999999999
2026-01-04T17:17:39.516108Z,price_change,0.96,SELL,-50,0.93,0.9299999999999999
2026-01-04T17:17:39.516108Z,price_change,0.97,SELL,50,0.93,0.9299999999999999
2026-01-04T17:17:39.78527Z,price_change,0.97,SELL,-37,0.93,0.9299999999999999
2026-01-04T17:17:39.78527Z,price_change,0.96,SELL,37,0.93,0.9299999999999999
2026-01-04T17:17:39.804645Z,price_change,0.96,SELL,-1000,0.93,0.9299999999999999
2026-01-04T17:17:39.824128Z,price_change,0.98,SELL,1000,0.93,0.9299999999999999
2026-01-04T17:17:39.824644Z,price_change,0.98,SELL,122,0.93,0.9299999999999999
2026-01-04T17:17:39.844393Z,price_change,0.98,SELL,-122,0.93,0.9299999999999999
2026-01-04T17:17:39.939341Z,price_change,0.93,BUY,-250,0.93,0.9299999999999999
2026-01-04T17:17:40.429994Z,price_change,0.96,SELL,-37,0.93,0.9299999999999999
2026-01-04T17:17:40.429994Z,price_change,0.97,SELL,37,0.93,0.9299999999999999
2026-01-04T17:17:40.456697Z,price_change,0.98,SELL,-1000,0.93,0.9299999999999999
2026-01-04T17:17:40.475485Z,price_change,0.97,SELL,1000,0.93,0.9299999999999999
2026-01-04T17:17:40.479774Z,price_change,0.98,SELL,122,0.93,0.9299999999999999
2026-01-04T17:17:40.503361Z,price_change,0.98,SELL,-122,0.93,0.9299999999999999
2026-01-04T17:17:40.828771Z,price_change,0.97,SELL,-50,0.93,0.9299999999999999
2026-01-04T17:17:40.828771Z,price_change,0.96,SELL,50,0.93,0.9299999999999999
2026-01-04T17:17:41.409805Z,price_change,0.97,SELL,-1000,0.93,0.9299999999999999
2026-01-04T17:17:41.430271Z,price_change,0.98,SELL,121,0.93,0.9299999999999999
2026-01-04T17:17:41.430831Z,price_change,0.96,SELL,1000,0.93,0.9299999999999999
2026-01-04T17:17:41.455697Z,price_change,0.98,SELL,-121,0.93,0.9299999999999999
2026-01-04T17:17:41.470865Z,price_change,0.96,SELL,-50,0.93,0.9299999999999999
2026-01-04T17:17:41.470865Z,price_change,0.97,SELL,50,0.93,0.9299999999999999
2026-01-04T17:17:41.557299Z,price_change,0.97,SELL,-37,0.93,0.9299999999999999
2026-01-04T17:17:41.557299Z,price_change,0.96,SELL,37,0.93,0.9299999999999999
2026-01-04T17:17:41.588313Z,price_change,0.96,SELL,-1000,0.93,0.9299999999999999
2026-01-04T17:17:41.60439Z,price_change,0.98,SELL,121,0.93,0.9299999999999999
2026-01-04T17:17:41.864988Z,price_change,0.98,SELL,1000,0.93,0.9299999999999999
2026-01-04T17:17:41.882838Z,price_change,0.98,SELL,-121,0.93,0.9299999999999999
2026-01-04T17:17:42.465961Z,price_change,0.95,SELL,-8,0.93,0.9299999999999999
2026-01-04T17:17:42.731843Z,price_change,0.96,SELL,-37,0.93,0.9299999999999999
2026-01-04T17:17:42.731843Z,price_change,0.97,SELL,37,0.93,0.9299999999999999
2026-01-04T17:17:42.874665Z,price_change,0.95,SELL,53,0.93,0.9299999999999999
2026-01-04T17:17:42.891164Z,price_change,0.98,SELL,-1000,0.93,0.9299999999999999
2026-01-04T17:17:42.906639Z,price_change,0.97,SELL,1000,0.93,0.9299999999999999
2026-01-04T17:17:42.912612Z,price_change,0.98,SELL,120,0.93,0.9299999999999999
2026-01-04T17:17:42.930212Z,price_change,0.98,SELL,-120,0.93,0.9299999999999999
2026-01-04T17:17:42.969397Z,price_change,0.97,SELL,-50,0.93,0.9299999999999999
2026-01-04T17:17:42.969397Z,price_change,0.96,SELL,50,0.93,0.9299999999999999
2026-01-04T17:17:43.02981Z,price_change,0.97,SELL,-1000,0.93,0.9299999999999999
2026-01-04T17:17:43.049365Z,price_change,0.98,SELL,120,0.93,0.9299999999999999
2026-01-04T17:17:43.08796Z,price_change,0.96,SELL,-50,0.93,0.9299999999999999
2026-01-04T17:17:43.08796Z,price_change,0.97,SELL,50,0.93,0.9299999999999999
2026-01-04T17:17:43.729125Z,price_change,0.97,SELL,-37,0.93,0.9299999999999999
2026-01-04T17:17:43.729125Z,price_change,0.96,SELL,38,0.93,0.9299999999999999
2026-01-04T17:17:43.751352Z,price_change,0.98,SELL,1000,0.93,0.9299999999999999
2026-01-04T17:17:43.771436Z,price_change,0.98,SELL,-120,0.93,0.9299999999999999
2026-01-04T17:17:44.872306Z,price_change,0.96,SELL,40,0.93,0.9299999999999999
2026-01-04T17:17:45.02664Z,price_change,0.98,SELL,-1000,0.93,0.9299999999999999
2026-01-04T17:17:45.039981Z,price_change,0.96,SELL,1000,0.93,0.9299999999999999
2026-01-04T17:17:45.042949Z,price_change,0.98,SELL,500,0.93,0.9299999999999999
2026-01-04T17:17:45.061086Z,price_change,0.98,SELL,-500,0.93,0.9299999999999999
2026-01-04T17:17:45.067649Z,price_change,0.97,SELL,-50,0.93,0.9299999999999999
2026-01-04T17:17:45.067649Z,price_change,0.95,SELL,50,0.93,0.9299999999999999
,book,0.9300,BUY,550,0.9300,0.95
,book,0.95,SELL,1179,0.9300,0.95
2026-01-04T17:18:24.051857Z,price_change,0.95,SELL,-1000,0.93,0.95
2026-01-04T17:18:24.074158Z,price_change,0.98,SELL,500,0.93,0.95
2026-01-04T17:18:24.078774Z,price_change,0.97,SELL,13,0.93,0.95
2026-01-04T17:18:28.174235Z,price_change,0.98,SELL,-500,0.93,0.95
2026-01-04T17:18:28.177722Z,price_change,0.89,BUY,-500,0.93,0.95
2026-01-04T17:18:28.177722Z,price_change,0.9,BUY,500,0.93,0.95
2026-01-04T17:18:28.178711Z,price_change,0.96,SELL,-100,0.93,0.95
2026-01-04T17:18:28.240811Z,price_change,0.95,SELL,-50,0.93,0.95
2026-01-04T17:18:28.240811Z,price_change,0.96,SELL,50,0.93,0.95
2026-01-04T17:18:28.503737Z,price_change,0.95,SELL,-37,0.93,0.95
2026-01-04T17:18:28.503737Z,price_change,0.97,SELL,38,0.93,0.95
2026-01-04T17:18:28.539163Z,price_change,0.95,SELL,-1,0.93,0.95
2026-01-04T17:18:29.181127Z,price_change,0.91,BUY,-100,0.93,0.95
2026-01-04T17:18:29.181127Z,price_change,0.92,BUY,100,0.93,0.95
2026-01-04T17:18:29.184232Z,price_change,0.92,BUY,100,0.93,0.95
2026-01-04T17:18:29.227053Z,price_change,0.97,SELL,-2,0.93,0.95
2026-01-04T17:18:29.466207Z,price_change,0.94,BUY,37,0.94,0.95
2026-01-04T17:18:30.449902Z,price_change,0.96,SELL,-50,0.94,0.95
2026-01-04T17:18:30.449902Z,price_change,0.97,SELL,50,0.94,0.95
2026-01-04T17:18:31.398954Z,price_change,0.97,SELL,-4,0.94,0.95
2026-01-04T17:18:34.88267Z,price_change,0.97,SELL,-31,0.94,0.95
2026-01-04T17:18:39.613302Z,price_change,0.98,SELL,1000,0.94,0.95
2026-01-04T17:18:44.401852Z,price_change,0.94,BUY,-15,0.94,0.95
2026-01-04T17:18:45.440265Z,price_change,0.94,BUY,25,0.94,0.95
2026-01-04T17:18:49.618227Z,price_change,0.96,SELL,-15,0.94,0.95
2026-01-04T17:18:51.255323Z,price_change,0.97,SELL,15,0.94,0.95
2026-01-04T17:18:56.678031Z,price_change,0.97,SELL,-13,0.94,0.95
2026-01-04T17:18:56.756252Z,price_change,0.97,SELL,-12,0.94,0.95
2026-01-04T17:19:00.393885Z,price_change,0.97,SELL,-5,0.94,0.95
2026-01-04T17:19:09.255387Z,price_change,0.97,SELL,13,0.94,0.95
2026-01-04T17:19:12.097183Z,price_change,0.95,SELL,-38,0.94,0.95
2026-01-04T17:19:12.097183Z,price_change,0.95,SELL,-14,0.94,0.95
2026-01-04T17:19:12.113384Z,price_change,0.36,BUY,-568,0.94,0.95
2026-01-04T17:19:12.116219Z,price_change,0.94,BUY,510,0.94,0.95
2026-01-04T17:19:12.124869Z,price_change,0.97,SELL,-13,0.94,0.95
2026-01-04T17:19:12.124869Z,price_change,0.98,SELL,13,0.94,0.95
2026-01-04T17:19:12.133316Z,price_change,0.9,BUY,-500,0.94,0.95
2026-01-04T17:19:12.215578Z,price_change,0.95,SELL,-15,0.94,0.95
2026-01-04T17:19:12.278957Z,price_change,0.96,SELL,17,0.94,0.95
2026-01-04T17:19:13.589811Z,price_change,0.96,SELL,5,0.94,0.95
2026-01-04T17:19:18.083226Z,price_change,0.95,SELL,-5,0.94,0.95
2026-01-04T17:19:21.727973Z,price_change,0.95,SELL,-19,0.94,0.96
2026-01-04T17:19:21.727973Z,price_change,0.96,SELL,-17,0.94,0.96
2026-01-04T17:19:21.727973Z,price_change,0.96,SELL,-5,0.94,0.97
2026-01-04T17:19:21.727973Z,price_change,0.97,SELL,-1,0.94,0.97
2026-01-04T17:19:21.727973Z,price_change,0.97,SELL,-33,0.94,0.97
2026-01-04T17:19:21.727973Z,price_change,0.97,SELL,-15,0.94,0.98
2026-01-04T17:19:21.727973Z,price_change,0.98,SELL,-40,0.94,0.98
2026-01-04T17:19:21.727973Z,price_change,0.98,SELL,-570,0.94,0.98
2026-01-04T17:19:21.727973Z,price_change,0.98,SELL,-928,0.94,0.98
2026-01-04T17:19:21.749723Z,price_change,0.99,SELL,-251,0.94,0.98
2026-01-04T17:19:21.749787Z,price_change,0.98,SELL,-72,0.94,0.98
2026-01-04T17:19:21.750605Z,price_change,0.97,SELL,30,0.94,0.97
2026-01-04T17:19:21.755482Z,price_change,0.97,SELL,10,0.94,0.97
2026-01-04T17:19:21.766233Z,price_change,0.99,SELL,601,0.94,0.97
2026-01-04T17:19:21.773725Z,price_change,0.98,SELL,-13,0.94,0.97
2026-01-04T17:19:21.773725Z,price_change,0.99,SELL,13,0.94,0.97
2026-01-04T17:19:21.793555Z,price_change,0.98,SELL,20,0.94,0.97
2026-01-04T17:19:22.601146Z,price_change,0.98,SELL,1,0.94,0.97
2026-01-04T17:19:22.618462Z,price_change,0.36,BUY,416,0.94,0.97
2026-01-04T17:19:28.024699Z,price_change,0.97,SELL,-10,0.94,0.97
2026-01-04T17:19:30.234309Z,price_change,0.98,SELL,-19,0.94,0.97
2026-01-04T17:19:40.248196Z,price_change,0.97,SELL,-10,0.94,0.97
2026-01-04T17:19:41.109089Z,price_change,0.97,SELL,-10,0.94,0.97
2026-01-04T17:19:41.114116Z,price_change,0.97,SELL,-10,0.94,0.98
2026-01-04T17:19:41.13193Z,price_change,0.99,SELL,-601,0.94,0.98
2026-01-04T17:19:42.10967Z,price_change,0.98,SELL,10,0.94,0.98
2026-01-04T17:19:43.434069Z,price_change,0.95,BUY,20,0.95,0.98
2026-01-04T17:19:43.455058Z,price_change,0.92,BUY,-100,0.95,0.98
2026-01-04T17:19:43.774606Z,price_change,0.94,BUY,-22,0.95,0.98
2026-01-04T17:19:44.065836Z,price_change,0.94,BUY,-25,0.95,0.98
2026-01-04T17:19:50.296402Z,price_change,0.93,BUY,-300,0.95,0.98
2026-01-04T17:19:50.314279Z,price_change,0.9,BUY,500,0.95,0.98
2026-01-04T17:19:50.936282Z,price_change,0.98,SELL,-10,0.95,0.98
2026-01-04T17:19:51.954669Z,price_change,0.92,BUY,-100,0.95,0.98
2026-01-04T17:19:51.954669Z,price_change,0.93,BUY,10,0.95,0.98
2026-01-04T17:19:51.97521Z,price_change,0.36,BUY,-416,0.95,0.98
2026-01-04T17:19:51.976451Z,price_change,0.95,BUY,414,0.95,0.98
2026-01-04T17:19:52.002154Z,price_change,0.9,BUY,-500,0.95,0.98
2026-01-04T17:19:54.135456Z,price_change,0.98,SELL,10,0.95,0.98
2026-01-04T17:19:54.168118Z,price_change,0.94,BUY,-510,0.95,0.98
2026-01-04T17:19:54.171929Z,price_change,0.36,BUY,487,0.95,0.98
2026-01-04T17:19:54.181191Z,price_change,0.93,BUY,-10,0.95,0.98
2026-01-04T17:19:54.189609Z,price_change,0.9,BUY,500,0.95,0.98
2026-01-04T17:19:55.318758Z,price_change,0.95,BUY,-20,0.95,0.98
2026-01-04T17:19:55.318758Z,price_change,0.96,BUY,20,0.96,0.98
2026-01-04T17:20:02.988058Z,price_change,0.99,SELL,25,0.96,0.98
2026-01-04T17:20:06.143059Z,price_change,0.9,BUY,-7,0.96,0.98
2026-01-04T17:20:11.028583Z,price_change,0.98,SELL,-10,0.96,0.98
2026-01-04T17:20:11.942017Z,price_change,0.9,BUY,-49,0.96,0.98
2026-01-04T17:20:11.968985Z,price_change,0.9,BUY,34,0.96,0.98
2026-01-04T17:20:13.043824Z,price_change,0.99,SELL,-7,0.96,0.98
2026-01-04T17:20:13.120944Z,price_change,0.98,SELL,39,0.96,0.98
2026-01-04T17:20:13.125811Z,price_change,0.9,BUY,15,0.96,0.98
2026-01-04T17:20:13.180157Z,price_change,0.9,BUY,-387,0.96,0.98
2026-01-04T17:20:13.181535Z,price_change,0.93,BUY,-250,0.96,0.98
2026-01-04T17:20:13.196334Z,price_change,0.98,SELL,44,0.96,0.98
2026-01-04T17:20:13.207365Z,price_change,0.95,BUY,250,0.96,0.98
2026-01-04T17:20:14.694086Z,price_change,0.98,SELL,-1,0.96,0.98
2026-01-04T17:20:14.694086Z,price_change,0.98,SELL,-1,0.96,0.98
2026-01-04T17:20:14.694086Z,price_change,0.98,SELL,-10,0.96,0.98
2026-01-04T17:20:14.766481Z,price_change,0.98,SELL,1,0.96,0.98
2026-01-04T17:20:14.790157Z,price_change,0.9,BUY,1,0.96,0.98
2026-01-04T17:20:15.000308Z,price_change,0.32,BUY,-6478,0.96,0.98
2026-01-04T17:20:15.000308Z,price_change,0.35,BUY,-5766,0.96,0.98
2026-01-04T17:20:15.110474Z,price_change,0.9,BUY,1,0.96,0.98
2026-01-04T17:20:15.170143Z,price_change,0.9,BUY,11,0.96,0.98
2026-01-04T17:20:15.172809Z,price_change,0.98,SELL,21,0.96,0.98
2026-01-04T17:20:15.185571Z,price_change,0.98,SELL,-1,0.96,0.98
2026-01-04T17:20:15.186084Z,price_change,0.9,BUY,-1,0.96,0.98
2026-01-04T17:20:15.531051Z,price_change,0.9,BUY,10,0.96,0.98
2026-01-04T17:20:15.558809Z,price_change,0.9,BUY,-1,0.96,0.98
2026-01-04T17:20:15.57117Z,price_change,0.98,SELL,6,0.96,0.98
2026-01-04T17:20:16.602886Z,price_change,0.99,SELL,-7,0.96,0.98
2026-01-04T17:20:16.625911Z,price_change,0.98,SELL,1000,0.96,0.98
2026-01-04T17:20:17.682935Z,price_change,0.9,BUY,358,0.96,0.98
2026-01-04T17:20:17.684813Z,price_change,0.95,BUY,-250,0.96,0.98
2026-01-04T17:20:17.700317Z,price_change,0.93,BUY,250,0.96,0.98
2026-01-04T17:20:17.738407Z,price_change,0.9,BUY,-384,0.96,0.98
2026-01-04T17:20:19.206373Z,price_change,0.93,BUY,-250,0.96,0.98
2026-01-04T17:20:19.207145Z,price_change,0.9,BUY,30,0.96,0.98
2026-01-04T17:20:19.223643Z,price_change,0.95,BUY,250,0.96,0.98
2026-01-04T17:20:19.223901Z,price_change,0.36,BUY,-487,0.96,0.98
2026-01-04T17:20:19.226685Z,price_change,0.95,BUY,-414,0.96,0.98
2026-01-04T17:20:19.227863Z,price_change,0.9,BUY,633,0.96,0.98
2026-01-04T17:20:19.248897Z,price_change,0.9,BUY,-138,0.96,0.98
2026-01-04T17:20:19.248897Z,price_change,0.91,BUY,138,0.96,0.98
2026-01-04T17:20:19.325655Z,price_change,0.95,BUY,-250,0.96,0.98
2026-01-04T17:20:19.327718Z,price_change,0.91,BUY,-10,0.96,0.98
2026-01-04T17:20:19.344649Z,price_change,0.92,BUY,263,0.96,0.98
2026-01-04T17:20:19.436668Z,price_change,0.98,SELL,6,0.96,0.98
2026-01-04T17:20:19.475278Z,price_change,0.98,SELL,-6,0.96,0.98
2026-01-04T17:20:19.565981Z,price_change,0.92,BUY,250,0.96,0.98
2026-01-04T17:20:19.569228Z,price_change,0.91,BUY,-128,0.96,0.98
2026-01-04T17:20:19.569228Z,price_change,0.9,BUY,479,0.96,0.98
2026-01-04T17:20:19.589502Z,price_change,0.9,BUY,-479,0.96,0.98
2026-01-04T17:20:20.18625Z,price_change,0.91,BUY,111,0.96,0.98
2026-01-04T17:20:20.317243Z,price_change,0.91,BUY,22,0.96,0.98
2026-01-04T17:20:20.356568Z,price_change,0.91,BUY,-9,0.96,0.98
2026-01-04T17:20:20.367674Z,price_change,0.98,SELL,56,0.96,0.98
2026-01-04T17:20:20.396186Z,price_change,0.98,SELL,21,0.96,0.98
2026-01-04T17:20:20.400378Z,price_change,0.98,SELL,-6,0.96,0.98
2026-01-04T17:20:20.407935Z,price_change,0.98,SELL,-21,0.96,0.98
2026-01-04T17:20:23.437631Z,price_change,0.99,SELL,-24,0.96,0.98
2026-01-04T17:20:23.437631Z,price_change,0.98,SELL,12,0.96,0.98
2026-01-04T17:20:24.124206Z,price_change,0.91,BUY,-124,0.96,0.98
2026-01-04T17:20:24.179488Z,price_change,0.91,BUY,102,0.96,0.98
2026-01-04T17:20:24.501611Z,price_change,0.96,BUY,-20,0.92,0.98
2026-01-04T17:20:24.501611Z,price_change,0.95,BUY,20,0.95,0.98
2026-01-04T17:20:24.584932Z,price_change,0.91,BUY,-102,0.95,0.98
2026-01-04T17:20:24.585697Z,price_change,0.98,SELL,-29,0.95,0.98
2026-01-04T17:20:24.585697Z,price_change,0.97,SELL,100,0.95,0.97
2026-01-04T17:20:24.595024Z,price_change,0.98,SELL,-21,0.95,0.97
2026-01-04T17:20:24.640476Z,price_change,0.93,BUY,42,0.95,0.97
2026-01-04T17:20:24.684369Z,price_change,0.98,SELL,-1000,0.95,0.97
2026-01-04T17:20:24.707912Z,price_change,0.98,SELL,40,0.95,0.97
2026-01-04T17:20:24.711727Z,price_change,0.98,SELL,-44,0.95,0.97
2026-01-04T17:20:24.711727Z,price_change,0.97,SELL,100,0.95,0.97
2026-01-04T17:20:24.712972Z,price_change,0.97,SELL,1000,0.95,0.97
2026-01-04T17:20:24.756069Z,price_change,0.98,SELL,-56,0.95,0.97
2026-01-04T17:20:24.775796Z,price_change,0.93,BUY,-42,0.95,0.97
2026-01-04T17:20:25.597133Z,price_change,0.98,SELL,6,0.95,0.97
2026-01-04T17:20:28.463738Z,price_change,0.91,BUY,500,0.95,0.97
2026-01-04T17:20:30.273362Z,price_change,0.95,BUY,5,0.95,0.97
2026-01-04T17:20:32.51915Z,price_change,0.98,SELL,20,0.95,0.97
2026-01-04T17:20:36.93781Z,price_change,0.98,SELL,-1,0.95,0.97
2026-01-04T17:20:40.03695Z,price_change,0.95,BUY,-20,0.95,0.97
2026-01-04T17:20:40.03695Z,price_change,0.94,BUY,20,0.95,0.97
2026-01-04T17:20:59.000287Z,price_change,0.98,SELL,-17,0.95,0.97
2026-01-04T17:20:59.297368Z,price_change,0.98,SELL,17,0.95,0.97
2026-01-04T17:21:02.031679Z,price_change,0.98,SELL,-10,0.95,0.97
2026-01-04T17:21:06.609696Z,price_change,0.98,SELL,10,0.95,0.97
2026-01-04T17:21:15.238439Z,price_change,0.95,BUY,1,0.95,0.97
2026-01-04T17:21:22.500777Z,price_change,0.94,BUY,-20,0.95,0.97
2026-01-04T17:21:22.500777Z,price_change,0.93,BUY,20,0.95,0.97
2026-01-04T17:21:22.572388Z,price_change,0.97,SELL,-50,0.95,0.97
2026-01-04T17:21:22.888252Z,price_change,0.97,SELL,-50,0.95,0.97
2026-01-04T17:21:32.035634Z,price_change,0.98,SELL,-10,0.95,0.97
2026-01-04T17:21:37.264732Z,price_change,0.95,BUY,-1,0.95,0.97
2026-01-04T17:21:39.134581Z,price_change,0.98,SELL,-50,0.95,0.97
2026-01-04T17:21:45.342335Z,price_change,0.93,BUY,-20,0.95,0.97
2026-01-04T17:21:45.342335Z,price_change,0.94,BUY,20,0.95,0.97
2026-01-04T17:22:09.20324Z,price_change,0.91,BUY,-500,0.95,0.97
2026-01-04T17:22:09.20324Z,price_change,0.92,BUY,500,0.95,0.97
2026-01-04T17:22:09.263296Z,price_change,0.97,SELL,-50,0.95,0.97
2026-01-04T17:22:09.263296Z,price_change,0.98,SELL,50,0.95,0.97
2026-01-04T17:22:09.475074Z,price_change,0.97,SELL,-50,0.95,0.97
2026-01-04T17:22:09.475074Z,price_change,0.98,SELL,50,0.95,0.97
2026-01-04T17:22:09.813144Z,price_change,0.97,SELL,-1000,0.95,0.98
2026-01-04T17:22:09.825557Z,price_change,0.98,SELL,1000,0.95,0.98
2026-01-04T17:22:09.837964Z,price_change,0.98,SELL,-17,0.95,0.98
2026-01-04T17:22:09.837964Z,price_change,0.99,SELL,17,0.95,0.98
2026-01-04T17:22:09.83931Z,price_change,0.9,BUY,-633,0.95,0.98
2026-01-04T17:22:09.841765Z,price_change,0.94,BUY,591,0.95,0.98
2026-01-04T17:22:09.859569Z,price_change,0.92,BUY,-500,0.95,0.98
2026-01-04T17:22:10.810821Z,price_change,0.92,BUY,-250,0.95,0.98
2026-01-04T17:22:10.823641Z,price_change,0.94,BUY,250,0.95,0.98
2026-01-04T17:22:10.829475Z,price_change,0.92,BUY,500,0.95,0.98
2026-01-04T17:22:10.84351Z,price_change,0.92,BUY,-500,0.95,0.98
2026-01-04T17:22:10.921721Z,price_change,0.96,BUY,50,0.96,0.98
2026-01-04T17:22:10.940431Z,price_change,0.92,BUY,-263,0.96,0.98
2026-01-04T17:22:10.943054Z,price_change,0.95,BUY,245,0.96,0.98
2026-01-04T17:22:10.955756Z,price_change,0.9,BUY,500,0.96,0.98
2026-01-04T17:22:10.968313Z,price_change,0.9,BUY,-500,0.96,0.98
2026-01-04T17:22:19.905135Z,price_change,0.94,BUY,-250,0.96,0.98
2026-01-04T17:22:19.913902Z,price_change,0.98,SELL,-6,0.96,0.98
2026-01-04T17:22:19.930994Z,price_change,0.9,BUY,500,0.96,0.98
2026-01-04T17:22:24.518775Z,price_change,0.98,SELL,-5,0.96,0.98
2026-01-04T17:22:35.518327Z,price_change,0.98,SELL,-1000,0.96,0.98
2026-01-04T17:22:35.531336Z,price_change,0.95,BUY,250,0.96,0.98
2026-01-04T17:22:35.549001Z,price_change,0.9,BUY,-500,0.96,0.98
2026-01-04T17:22:50.083212Z,price_change,0.99,SELL,-2,0.96,0.98
2026-01-04T17:22:50.101942Z,price_change,0.94,BUY,-591,0.96,0.98
2026-01-04T17:22:50.104829Z,price_change,0.3,BUY,569,0.96,0.98
2026-01-04T17:22:50.120029Z,price_change,0.9,BUY,333,0.96,0.98
2026-01-04T17:22:50.985146Z,price_change,0.9,BUY,-46,0.96,0.98
2026-01-04T17:22:57.177195Z,price_change,0.9,BUY,213,0.96,0.98
2026-01-04T17:22:58.677353Z,price_change,0.96,BUY,-50,0.95,0.98
2026-01-04T17:22:58.694504Z,price_change,0.95,BUY,-245,0.95,0.98
