timestamp,event_type,price,side,size,best_bid,best_ask
,book,0.6300,BUY,38028,0.6300,0.64
,book,0.64,SELL,173987,0.6300,0.64
2026-01-03T20:41:51.796946Z,price_change,0.64,SELL,66,0.63,0.64
2026-01-03T20:42:03.840477Z,price_change,0.65,SELL,5,0.63,0.64
2026-01-03T20:42:12.123796Z,price_change,0.64,SELL,-66,0.63,0.64
2026-01-03T20:42:41.736196Z,price_change,0.64,SELL,32,0.63,0.64
2026-01-03T20:42:58.159097Z,price_change,0.64,SELL,182,0.63,0.64
2026-01-03T20:43:18.000992Z,price_change,0.59,BUY,-500,0.63,0.64
2026-01-03T20:43:18.887759Z,price_change,0.64,SELL,-31,0.63,0.64
2026-01-03T20:43:21.87667Z,price_change,0.64,SELL,66,0.63,0.64
2026-01-03T20:43:42.139268Z,price_change,0.64,SELL,-66,0.63,0.64
2026-01-03T20:43:52.205415Z,price_change,0.65,SELL,-5,0.63,0.64
,book,0.6300,BUY,38028,0.6300,0.64
,book,0.64,SELL,174170,0.6300,0.64
2026-01-03T20:44:37.001141Z,price_change,0.59,BUY,-500,0.63,0.64
2026-01-03T20:44:38.182083Z,price_change,0.64,SELL,-10,0.63,0.64
2026-01-03T20:44:38.574611Z,price_change,0.64,SELL,10,0.63,0.64
2026-01-03T20:44:49.295629Z,price_change,0.65,SELL,-5,0.63,0.64
2026-01-03T20:44:51.778177Z,price_change,0.64,SELL,66,0.63,0.64
2026-01-03T20:45:02.756093Z,price_change,0.59,BUY,500,0.63,0.64
2026-01-03T20:45:12.110266Z,price_change,0.64,SELL,-66,0.63,0.64
2026-01-03T20:45:14.387629Z,price_change,0.63,BUY,-79,0.63,0.64
2026-01-03T20:45:14.493397Z,price_change,0.65,SELL,79,0.63,0.64
2026-01-03T20:45:14.588843Z,price_change,0.63,BUY,40,0.63,0.64
2026-01-03T20:45:15.535404Z,price_change,0.65,SELL,-435,0.63,0.64
2026-01-03T20:45:15.928297Z,price_change,0.65,SELL,75,0.63,0.64
,book,0.6300,BUY,37989,0.6300,0.64
,book,0.64,SELL,174083,0.6300,0.64
2026-01-03T20:48:24.365037Z,price_change,0.65,SELL,5,0.63,0.64
2026-01-03T20:48:49.65212Z,price_change,0.59,BUY,-1665,0.63,0.64
2026-01-03T20:48:49.683862Z,price_change,0.58,BUY,1694,0.63,0.64
2026-01-03T20:48:49.838284Z,price_change,0.65,SELL,23697,0.63,0.64
2026-01-03T20:48:50.002618Z,price_change,0.65,SELL,27056,0.63,0.64
2026-01-03T20:48:50.014961Z,price_change,0.65,SELL,-14360,0.63,0.64
2026-01-03T20:48:50.569692Z,price_change,0.64,SELL,14373,0.63,0.64
2026-01-03T20:48:51.036347Z,price_change,0.62,BUY,-200,0.63,0.64
2026-01-03T20:48:51.075196Z,price_change,0.61,BUY,200,0.63,0.64
2026-01-03T20:48:51.450078Z,price_change,0.62,BUY,10,0.63,0.64
2026-01-03T20:48:52.535246Z,price_change,0.6,BUY,-1552,0.63,0.64
2026-01-03T20:48:53.122186Z,price_change,0.65,SELL,-294,0.63,0.64
2026-01-03T20:48:53.339245Z,price_change,0.65,SELL,294,0.63,0.64
2026-01-03T20:48:54.055771Z,price_change,0.65,SELL,813,0.63,0.64
2026-01-03T20:48:57.638795Z,price_change,0.6,BUY,30,0.63,0.64
2026-01-03T20:48:57.640407Z,price_change,0.6699999999999999,SELL,30,0.63,0.64
2026-01-03T20:48:57.661434Z,price_change,0.6,BUY,30,0.63,0.64
2026-01-03T20:48:57.662696Z,price_change,0.6699999999999999,SELL,30,0.63,0.64
2026-01-03T20:48:57.670611Z,price_change,0.6,BUY,30,0.63,0.64
2026-01-03T20:48:57.672109Z,price_change,0.6699999999999999,SELL,30,0.63,0.64
2026-01-03T20:48:59.000442Z,price_change,0.62,BUY,-10,0.63,0.64
2026-01-03T20:48:59.000442Z,price_change,0.59,BUY,-500,0.63,0.64
2026-01-03T20:48:59.85991Z,price_change,0.65,SELL,-784,0.63,0.64
2026-01-03T20:49:00.015042Z,price_change,0.65,SELL,-461,0.63,0.64
2026-01-03T20:49:00.085947Z,price_change,0.65,SELL,-294,0.63,0.64
2026-01-03T20:49:00.087615Z,price_change,0.65,SELL,-29,0.63,0.64
2026-01-03T20:49:00.204756Z,price_change,0.64,SELL,784,0.63,0.64
2026-01-03T20:49:00.613634Z,price_change,0.65,SELL,-784,0.63,0.64
2026-01-03T20:49:00.70185Z,price_change,0.64,SELL,1568,0.63,0.64
2026-01-03T20:49:01.402382Z,price_change,0.64,SELL,588,0.63,0.64
2026-01-03T20:49:01.452012Z,price_change,0.65,SELL,-588,0.63,0.64
2026-01-03T20:49:02.706667Z,price_change,0.65,SELL,-30,0.63,0.64
2026-01-03T20:49:02.929978Z,price_change,0.65,SELL,-29,0.63,0.64
2026-01-03T20:49:02.976891Z,price_change,0.64,SELL,30,0.63,0.64
2026-01-03T20:49:03.156214Z,price_change,0.65,SELL,-30,0.63,0.64
2026-01-03T20:49:03.203038Z,price_change,0.64,SELL,29,0.63,0.64
2026-01-03T20:49:03.493761Z,price_change,0.64,SELL,29,0.63,0.64
2026-01-03T20:49:21.795572Z,price_change,0.64,SELL,66,0.63,0.64
2026-01-03T20:49:33.579395Z,price_change,0.65,SELL,-5,0.63,0.64
2026-01-03T20:49:42.166356Z,price_change,0.64,SELL,-66,0.63,0.64
2026-01-03T20:49:43.257698Z,price_change,0.64,SELL,-10,0.63,0.64
2026-01-03T20:49:43.666947Z,price_change,0.64,SELL,10,0.63,0.64
2026-01-03T20:50:02.000531Z,price_change,0.59,BUY,-500,0.63,0.64
2026-01-03T20:50:25.893023Z,price_change,0.59,BUY,500,0.63,0.64
2026-01-03T20:50:48.578234Z,price_change,0.65,SELL,5,0.63,0.64
2026-01-03T20:50:51.819726Z,price_change,0.64,SELL,60,0.63,0.64
2026-01-03T20:51:12.096899Z,price_change,0.64,SELL,-60,0.63,0.64
2026-01-03T20:51:17.024949Z,price_change,0.64,SELL,-16,0.63,0.64
2026-01-03T20:51:43.331609Z,price_change,0.59,BUY,500,0.63,0.64
2026-01-03T20:52:21.803829Z,price_change,0.64,SELL,60,0.63,0.64
2026-01-03T20:52:42.123709Z,price_change,0.64,SELL,-60,0.63,0.64
2026-01-03T20:52:46.436067Z,price_change,0.64,SELL,-1,0.63,0.64
2026-01-03T20:52:53.539653Z,price_change,0.64,SELL,-22,0.63,0.64
,book,0.6300,BUY,16285,0.6300,0.64
,book,0.64,SELL,276701,0.6300,0.64
2026-01-03T23:16:08.557186Z,price_change,0.63,BUY,-620,0.63,0.64
2026-01-03T23:16:08.656674Z,price_change,0.63,BUY,-725,0.63,0.64
2026-01-03T23:16:08.76077Z,price_change,0.63,BUY,645,0.63,0.64
2026-01-03T23:16:15.74505Z,price_change,0.65,SELL,-98,0.63,0.64
2026-01-03T23:16:21.758158Z,price_change,0.64,SELL,66,0.63,0.64
2026-01-03T23:16:22.010998Z,price_change,0.3,BUY,-1,0.63,0.64
2026-01-03T23:16:22.010998Z,price_change,0.2,BUY,1,0.63,0.64
2026-01-03T23:16:23.000829Z,price_change,0.59,BUY,-500,0.63,0.64
2026-01-03T23:16:24.441583Z,price_change,0.64,SELL,-3,0.63,0.64
2026-01-03T23:16:42.11673Z,price_change,0.64,SELL,-66,0.63,0.64
2026-01-03T23:16:45.280757Z,price_change,0.63,BUY,-12,0.63,0.64
2026-01-03T23:16:49.250215Z,price_change,0.59,BUY,500,0.63,0.64
2026-01-03T23:17:01.650329Z,price_change,0.6,BUY,-6,0.63,0.64
2026-01-03T23:17:01.650329Z,price_change,0.62,BUY,4,0.63,0.64
2026-01-03T23:17:26.842015Z,price_change,0.63,BUY,-100,0.63,0.64
2026-01-03T23:17:28.455889Z,price_change,0.64,SELL,-152,0.63,0.64
2026-01-03T23:17:35.000789Z,price_change,0.59,BUY,-500,0.63,0.64
2026-01-03T23:17:41.712392Z,price_change,0.64,SELL,-37,0.63,0.64
2026-01-03T23:17:41.712392Z,price_change,0.64,SELL,-3,0.63,0.64
2026-01-03T23:17:41.904295Z,price_change,0.64,SELL,5014,0.63,0.64
2026-01-03T23:17:41.939523Z,price_change,0.64,SELL,-10,0.63,0.64
2026-01-03T23:17:45.047973Z,price_change,0.63,BUY,-200,0.63,0.64
2026-01-03T23:17:46.114798Z,price_change,0.64,SELL,-38,0.63,0.64
2026-01-03T23:17:46.166153Z,price_change,0.64,SELL,38,0.63,0.64
2026-01-03T23:17:46.309902Z,price_change,0.64,SELL,-37,0.63,0.64
2026-01-03T23:17:51.724633Z,price_change,0.64,SELL,66,0.63,0.64
2026-01-03T23:17:51.961717Z,price_change,0.63,BUY,-258,0.63,0.64
2026-01-03T23:17:52.396584Z,price_change,0.64,SELL,-10,0.63,0.64
2026-01-03T23:17:52.794801Z,price_change,0.64,SELL,10,0.63,0.64
2026-01-03T23:17:56.734444Z,price_change,0.59,BUY,500,0.63,0.64
2026-01-03T23:18:12.176304Z,price_change,0.64,SELL,-1,0.63,0.64
2026-01-03T23:18:12.177184Z,price_change,0.64,SELL,-66,0.63,0.64
2026-01-03T23:18:22.278627Z,price_change,0.63,BUY,-12,0.63,0.64
2026-01-03T23:18:31.921049Z,price_change,0.63,BUY,-12,0.63,0.64
2026-01-03T23:18:40.320246Z,price_change,0.65,SELL,-5,0.63,0.64
2026-01-03T23:18:41.236833Z,price_change,0.65,SELL,5,0.63,0.64
2026-01-03T23:18:53.223921Z,price_change,0.65,SELL,-5,0.63,0.64
2026-01-03T23:18:53.316309Z,price_change,0.65,SELL,5,0.63,0.64
2026-01-03T23:19:08.642949Z,price_change,0.65,SELL,-396,0.63,0.64
2026-01-03T23:19:09.472819Z,price_change,0.65,SELL,140,0.63,0.64
2026-01-03T23:19:13.075916Z,price_change,0.64,SELL,-7,0.63,0.64
2026-01-03T23:19:21.78141Z,price_change,0.64,SELL,50,0.63,0.64
2026-01-03T23:19:30.854332Z,price_change,0.62,BUY,-1000,0.63,0.64
2026-01-03T23:19:30.855632Z,price_change,0.63,BUY,-183,0.63,0.64
2026-01-03T23:19:30.857418Z,price_change,0.65,SELL,-1000,0.63,0.64
2026-01-03T23:19:30.885728Z,price_change,0.64,SELL,-816,0.63,0.64
2026-01-03T23:19:31.451025Z,price_change,0.63,BUY,-51,0.63,0.64
2026-01-03T23:19:31.5504Z,price_change,0.63,BUY,-1228,0.63,0.64
2026-01-03T23:19:31.654374Z,price_change,0.63,BUY,645,0.63,0.64
2026-01-03T23:19:33.066191Z,price_change,0.63,BUY,-634,0.63,0.64
2026-01-03T23:19:40.056913Z,price_change,0.64,SELL,-1,0.63,0.64
2026-01-03T23:19:42.088477Z,price_change,0.65,SELL,-5,0.63,0.64
2026-01-03T23:19:42.140476Z,price_change,0.64,SELL,-50,0.63,0.64
2026-01-03T23:19:47.442355Z,price_change,0.65,SELL,5,0.63,0.64
2026-01-03T23:19:48.659412Z,price_change,0.63,BUY,-2,0.63,0.64
2026-01-03T23:19:52.006485Z,price_change,0.62,BUY,1000,0.63,0.64
2026-01-03T23:19:52.008016Z,price_change,0.63,BUY,633,0.63,0.64
2026-01-03T23:19:52.009708Z,price_change,0.64,SELL,366,0.63,0.64
2026-01-03T23:19:52.011581Z,price_change,0.65,SELL,1000,0.63,0.64
2026-01-03T23:19:53.926213Z,price_change,0.64,SELL,646,0.63,0.64
2026-01-03T23:20:04.128835Z,price_change,0.64,SELL,-155,0.63,0.64
2026-01-03T23:20:10.778846Z,price_change,0.64,SELL,-156,0.63,0.64
2026-01-03T23:20:19.503665Z,price_change,0.64,SELL,-156,0.63,0.64
2026-01-03T23:20:24.743967Z,price_change,0.64,SELL,980,0.63,0.64
2026-01-03T23:20:26.865364Z,price_change,0.65,SELL,-140,0.63,0.64
2026-01-03T23:20:26.866374Z,price_change,0.65,SELL,-1364,0.63,0.64
2026-01-03T23:20:28.529976Z,price_change,0.64,SELL,-160,0.63,0.64
2026-01-03T23:20:30.810831Z,price_change,0.65,SELL,142,0.63,0.64
2026-01-03T23:20:36.660341Z,price_change,0.65,SELL,-5,0.63,0.64
2026-01-03T23:20:42.952385Z,price_change,0.65,SELL,5,0.63,0.64
2026-01-03T23:20:51.780838Z,price_change,0.64,SELL,66,0.63,0.64
2026-01-03T23:20:56.000229Z,price_change,0.59,BUY,-500,0.63,0.64
2026-01-03T23:21:12.102912Z,price_change,0.64,SELL,-66,0.63,0.64
2026-01-03T23:21:17.457376Z,price_change,0.64,SELL,-40,0.63,0.64
2026-01-03T23:21:17.604244Z,price_change,0.64,SELL,40,0.63,0.64
2026-01-03T23:21:17.667656Z,price_change,0.64,SELL,-40,0.63,0.64
2026-01-03T23:21:17.768187Z,price_change,0.59,BUY,500,0.63,0.64
2026-01-03T23:21:26.002381Z,price_change,0.65,SELL,-5,0.63,0.64
2026-01-03T23:21:28.925869Z,price_change,0.65,SELL,5,0.63,0.64
2026-01-03T23:21:35.56171Z,price_change,0.64,SELL,-47,0.63,0.64
2026-01-03T23:21:37.346447Z,price_change,0.63,BUY,-9,0.63,0.64
2026-01-03T23:21:37.446485Z,price_change,0.63,BUY,-1236,0.63,0.64
2026-01-03T23:21:37.57077Z,price_change,0.63,BUY,645,0.63,0.64
2026-01-03T23:21:38.839402Z,price_change,0.65,SELL,-5,0.63,0.64
2026-01-03T23:21:42.324376Z,price_change,0.65,SELL,5,0.63,0.64
2026-01-03T23:21:49.000868Z,price_change,0.59,BUY,-500,0.63,0.64
2026-01-03T23:21:50.382287Z,price_change,0.64,SELL,-14,0.63,0.64
2026-01-03T23:21:55.823161Z,price_change,0.64,SELL,-75,0.63,0.64
2026-01-03T23:21:55.880686Z,price_change,0.64,SELL,76,0.63,0.64
2026-01-03T23:21:56.019302Z,price_change,0.64,SELL,-74,0.63,0.64
2026-01-03T23:22:08.409733Z,price_change,0.63,BUY,-125,0.63,0.64
2026-01-03T23:22:14.32773Z,price_change,0.59,BUY,500,0.63,0.64
2026-01-03T23:22:21.782538Z,price_change,0.64,SELL,66,0.63,0.64
2026-01-03T23:22:22.203907Z,price_change,0.64,SELL,-66,0.63,0.64
2026-01-03T23:22:32.335455Z,price_change,0.64,SELL,66,0.63,0.64
2026-01-03T23:22:38.904362Z,price_change,0.64,SELL,-15,0.63,0.64
2026-01-03T23:22:39.192353Z,price_change,0.6599999999999999,SELL,8000,0.63,0.64
2026-01-03T23:22:42.783336Z,price_change,0.64,SELL,-66,0.63,0.64
2026-01-03T23:22:47.251753Z,price_change,0.63,BUY,-100,0.63,0.64
2026-01-03T23:23:05.167115Z,price_change,0.64,SELL,-10,0.63,0.64
2026-01-03T23:23:05.459032Z,price_change,0.63,BUY,-51,0.63,0.64
2026-01-03T23:23:05.577949Z,price_change,0.64,SELL,10,0.63,0.64
2026-01-03T23:23:06.329822Z,price_change,0.35,BUY,-50,0.63,0.64
2026-01-03T23:23:18.794198Z,price_change,0.65,SELL,-5,0.63,0.64
2026-01-03T23:23:22.97995Z,price_change,0.63,BUY,-256,0.63,0.64
2026-01-03T23:23:32.522336Z,price_change,0.64,SELL,-7,0.63,0.64
2026-01-03T23:23:51.861626Z,price_change,0.64,SELL,66,0.63,0.64
2026-01-03T23:23:52.618666Z,price_change,0.62,BUY,7,0.63,0.64
2026-01-03T23:24:00.036775Z,price_change,0.62,BUY,-7,0.63,0.64
2026-01-03T23:24:11.204617Z,price_change,0.65,SELL,5,0.63,0.64
2026-01-03T23:24:12.130918Z,price_change,0.64,SELL,-65,0.63,0.64
2026-01-03T23:24:17.00025Z,price_change,0.59,BUY,-500,0.63,0.64
2026-01-03T23:24:25.593852Z,price_change,0.65,SELL,-5,0.63,0.64
2026-01-03T23:24:29.322632Z,price_change,0.65,SELL,5,0.63,0.64
2026-01-03T23:24:33.245305Z,price_change,0.59,BUY,500,0.63,0.64
2026-01-03T23:24:33.895723Z,price_change,0.64,SELL,-25,0.63,0.64
2026-01-03T23:24:34.600439Z,price_change,0.62,BUY,-1000,0.63,0.64
2026-01-03T23:24:34.600439Z,price_change,0.63,BUY,-633,0.63,0.64
2026-01-03T23:24:34.600439Z,price_change,0.64,SELL,-366,0.63,0.64
2026-01-03T23:24:34.600439Z,price_change,0.65,SELL,-1000,0.63,0.64
2026-01-03T23:24:34.682656Z,price_change,0.63,BUY,-11396,0.63,0.64
2026-01-03T23:24:34.683846Z,price_change,0.63,BUY,-113,0.63,0.64
2026-01-03T23:24:48.09714Z,price_change,0.65,SELL,-5,0.63,0.64
2026-01-03T23:24:49.528784Z,price_change,0.64,SELL,-1,0.63,0.64
2026-01-03T23:25:02.939161Z,price_change,0.64,SELL,-1,0.63,0.64
2026-01-03T23:25:05.247511Z,price_change,0.62,BUY,1000,0.63,0.64
2026-01-03T23:25:05.249362Z,price_change,0.64,SELL,999,0.63,0.64
2026-01-03T23:25:05.2516Z,price_change,0.65,SELL,1000,0.63,0.64
2026-01-03T23:25:21.84379Z,price_change,0.64,SELL,66,0.63,0.64
2026-01-03T23:25:29.394083Z,price_change,0.64,SELL,-290,0.63,0.64
2026-01-03T23:25:29.451334Z,price_change,0.64,SELL,-179,0.63,0.64
2026-01-03T23:25:29.452849Z,price_change,0.64,SELL,-2,0.63,0.64
2026-01-03T23:25:29.454232Z,price_change,0.64,SELL,-66,0.63,0.64
2026-01-03T23:25:29.455798Z,price_change,0.64,SELL,-773,0.63,0.64
2026-01-03T23:25:32.001521Z,price_change,0.6599999999999999,SELL,-8000,0.63,0.64
2026-01-03T23:25:40.343666Z,price_change,0.64,SELL,-1354,0.63,0.64
2026-01-03T23:25:42.104287Z,price_change,0.64,SELL,-66,0.63,0.64
2026-01-03T23:25:43.257973Z,price_change,0.64,SELL,-1,0.63,0.64
2026-01-03T23:25:51.282656Z,price_change,0.6,BUY,18294,0.63,0.64
2026-01-03T23:25:56.04142Z,price_change,0.65,SELL,19138,0.63,0.64
2026-01-03T23:25:56.640045Z,price_change,0.65,SELL,19802,0.63,0.64
2026-01-03T23:26:23.057243Z,price_change,0.65,SELL,-162,0.63,0.64
2026-01-03T23:26:51.855407Z,price_change,0.64,SELL,43,0.63,0.64
2026-01-03T23:27:10.116957Z,price_change,0.65,SELL,-1859,0.63,0.64
2026-01-03T23:27:10.245498Z,price_change,0.59,BUY,8000,0.63,0.64
2026-01-03T23:27:12.107122Z,price_change,0.64,SELL,-43,0.63,0.64
2026-01-03T23:27:14.000009Z,price_change,0.59,BUY,-500,0.63,0.64
2026-01-03T23:27:27.414712Z,price_change,0.64,SELL,-42,0.63,0.64
2026-01-03T23:27:32.001042Z,price_change,0.59,BUY,-500,0.63,0.64
2026-01-03T23:27:35.403234Z,price_change,0.64,SELL,-999,0.63,0.64
2026-01-03T23:27:35.446608Z,price_change,0.63,BUY,818,0.63,0.64
2026-01-03T23:27:35.448041Z,price_change,0.64,SELL,181,0.63,0.64
2026-01-03T23:27:39.501723Z,price_change,0.59,BUY,500,0.63,0.64
2026-01-03T23:27:52.099304Z,price_change,0.59,BUY,500,0.63,0.64
2026-01-03T23:27:58.22351Z,price_change,0.63,BUY,-818,0.63,0.64
2026-01-03T23:27:58.33287Z,price_change,0.63,BUY,793,0.63,0.64
2026-01-03T23:27:58.334166Z,price_change,0.64,SELL,25,0.63,0.64
2026-01-03T23:28:09.744192Z,price_change,0.64,SELL,-10,0.63,0.64
2026-01-03T23:28:10.226411Z,price_change,0.64,SELL,10,0.63,0.64
2026-01-03T23:28:21.811709Z,price_change,0.64,SELL,46,0.63,0.64
2026-01-03T23:28:31.576527Z,price_change,0.63,BUY,-793,0.63,0.64
2026-01-03T23:28:31.607248Z,price_change,0.63,BUY,717,0.63,0.64
2026-01-03T23:28:31.608139Z,price_change,0.64,SELL,76,0.63,0.64
2026-01-03T23:28:40.000547Z,price_change,0.6,BUY,-30,0.63,0.64
2026-01-03T23:28:40.000547Z,price_change,0.6,BUY,-30,0.63,0.64
2026-01-03T23:28:40.000547Z,price_change,0.6699999999999999,SELL,-30,0.63,0.64
2026-01-03T23:28:40.000547Z,price_change,0.6699999999999999,SELL,-30,0.63,0.64
2026-01-03T23:28:40.000547Z,price_change,0.6699999999999999,SELL,-30,0.63,0.64
2026-01-03T23:28:40.000547Z,price_change,0.6,BUY,-30,0.63,0.64
2026-01-03T23:28:40.863748Z,price_change,0.64,SELL,-92771,0.63,0.64
2026-01-03T23:28:40.864648Z,price_change,0.64,SELL,-46,0.63,0.64
2026-01-03T23:28:40.865494Z,price_change,0.64,SELL,-2363,0.63,0.64
2026-01-03T23:28:40.972374Z,price_change,0.64,SELL,-2819,0.63,0.64
2026-01-03T23:28:42.066569Z,price_change,0.64,SELL,-97407,0.63,0.64
2026-01-03T23:28:42.067859Z,price_change,0.64,SELL,-2708,0.63,0.64
2026-01-03T23:28:42.127634Z,price_change,0.64,SELL,-66,0.63,0.64
2026-01-03T23:28:57.895038Z,price_change,0.65,SELL,1866,0.63,0.64
2026-01-03T23:29:04.789734Z,price_change,0.62,BUY,-1000,0.63,0.64
2026-01-03T23:29:04.789734Z,price_change,0.65,SELL,-1000,0.63,0.64
2026-01-03T23:29:04.789734Z,price_change,0.64,SELL,-181,0.63,0.64
2026-01-03T23:29:04.789734Z,price_change,0.64,SELL,-25,0.63,0.64
2026-01-03T23:29:04.789734Z,price_change,0.63,BUY,-717,0.63,0.64
2026-01-03T23:29:04.789734Z,price_change,0.64,SELL,-76,0.63,0.64
2026-01-03T23:29:08.235786Z,price_change,0.63,BUY,-1,0.63,0.64
2026-01-03T23:29:10.033515Z,price_change,0.65,SELL,-29,0.63,0.64
2026-01-03T23:29:12.984787Z,price_change,0.62,BUY,1000,0.63,0.64
2026-01-03T23:29:12.986335Z,price_change,0.64,SELL,999,0.63,0.64
2026-01-03T23:29:12.987691Z,price_change,0.65,SELL,1000,0.63,0.64
2026-01-03T23:29:22.506692Z,price_change,0.65,SELL,-423,0.63,0.64
2026-01-03T23:29:51.804573Z,price_change,0.64,SELL,66,0.63,0.64
2026-01-03T23:30:02.869475Z,price_change,0.64,SELL,77,0.63,0.64
2026-01-03T23:30:04.000361Z,price_change,0.59,BUY,-8000,0.63,0.64
2026-01-03T23:30:05.349844Z,price_change,0.64,SELL,-77,0.63,0.64
2026-01-03T23:30:05.351028Z,price_change,0.64,SELL,-66,0.63,0.64
2026-01-03T23:30:05.511778Z,price_change,0.64,SELL,-329,0.63,0.64
2026-01-03T23:30:11.202242Z,price_change,0.64,SELL,-124,0.63,0.64
2026-01-03T23:30:12.107522Z,price_change,0.64,SELL,-196,0.63,0.64
2026-01-03T23:30:13.837788Z,price_change,0.64,SELL,81,0.63,0.64
2026-01-03T23:30:14.114786Z,price_change,0.64,SELL,-213,0.63,0.64
2026-01-03T23:30:14.203709Z,price_change,0.64,SELL,49,0.63,0.64
2026-01-03T23:30:14.448286Z,price_change,0.64,SELL,208,0.63,0.64
2026-01-03T23:30:17.310297Z,price_change,0.64,SELL,-49,0.63,0.64
2026-01-03T23:30:17.545222Z,price_change,0.64,SELL,49,0.63,0.64
2026-01-03T23:30:17.848626Z,price_change,0.64,SELL,-37,0.63,0.64
2026-01-03T23:30:17.899836Z,price_change,0.64,SELL,-159,0.63,0.64
2026-01-03T23:30:17.902335Z,price_change,0.64,SELL,-49,0.63,0.64
2026-01-03T23:30:17.904138Z,price_change,0.64,SELL,-49,0.63,0.64
2026-01-03T23:30:19.505923Z,price_change,0.64,SELL,294,0.63,0.64
2026-01-03T23:30:23.228568Z,price_change,0.64,SELL,-15,0.63,0.64
2026-01-03T23:30:43.56484Z,price_change,0.64,SELL,-22,0.63,0.64
2026-01-03T23:30:51.000251Z,price_change,0.59,BUY,-500,0.63,0.64
2026-01-03T23:31:00.446218Z,price_change,0.6,BUY,8,0.63,0.64
2026-01-03T23:31:00.488981Z,price_change,0.65,SELL,5,0.63,0.64
2026-01-03T23:31:06.956062Z,price_change,0.64,SELL,-30,0.63,0.64
2026-01-03T23:31:07.520921Z,price_change,0.64,SELL,-214,0.63,0.64
2026-01-03T23:31:13.624693Z,price_change,0.59,BUY,500,0.63,0.64
2026-01-03T23:31:20.823303Z,price_change,0.65,SELL,-5,0.63,0.64
2026-01-03T23:31:21.968178Z,price_change,0.64,SELL,51,0.63,0.64
2026-01-03T23:31:35.166474Z,price_change,0.64,SELL,-80,0.63,0.64
2026-01-03T23:31:35.167934Z,price_change,0.64,SELL,-51,0.63,0.64
2026-01-03T23:31:35.404304Z,price_change,0.62,BUY,-1191,0.63,0.64
2026-01-03T23:31:42.190217Z,price_change,0.64,SELL,-46,0.63,0.64
2026-01-03T23:31:42.26576Z,price_change,0.64,SELL,-44,0.63,0.64
2026-01-03T23:32:35.445524Z,price_change,0.62,BUY,1,0.63,0.64
2026-01-03T23:32:39.000457Z,price_change,0.59,BUY,-500,0.63,0.64
2026-01-03T23:32:51.839298Z,price_change,0.64,SELL,66,0.63,0.64
2026-01-03T23:33:04.824591Z,price_change,0.59,BUY,500,0.63,0.64
2026-01-03T23:33:12.410537Z,price_change,0.64,SELL,-66,0.63,0.64
2026-01-03T23:33:13.442122Z,price_change,0.64,SELL,-10,0.63,0.64
2026-01-03T23:33:13.853245Z,price_change,0.64,SELL,10,0.63,0.64
2026-01-03T23:33:22.737241Z,price_change,0.65,SELL,-192,0.63,0.64
2026-01-03T23:33:39.098958Z,price_change,0.65,SELL,-1437,0.63,0.64
2026-01-03T23:33:46.52366Z,price_change,0.65,SELL,1026,0.63,0.64
2026-01-03T23:33:47.193024Z,price_change,0.64,SELL,-76,0.63,0.64
2026-01-03T23:33:47.313999Z,price_change,0.64,SELL,68,0.63,0.64
2026-01-03T23:33:47.477491Z,price_change,0.64,SELL,-68,0.63,0.64
2026-01-03T23:34:13.000187Z,price_change,0.59,BUY,-500,0.63,0.64
2026-01-03T23:34:17.012553Z,price_change,0.63,BUY,-4,0.63,0.64
2026-01-03T23:34:21.778234Z,price_change,0.64,SELL,58,0.63,0.64
2026-01-03T23:34:33.0805Z,price_change,0.59,BUY,500,0.63,0.64
2026-01-03T23:34:42.209685Z,price_change,0.64,SELL,-58,0.63,0.64
2026-01-03T23:34:47.350715Z,price_change,0.65,SELL,1073,0.63,0.64
2026-01-03T23:34:56.394777Z,price_change,0.64,SELL,-74,0.63,0.64
2026-01-03T23:34:56.582918Z,price_change,0.64,SELL,66,0.63,0.64
2026-01-03T23:34:56.800053Z,price_change,0.65,SELL,29,0.63,0.64
2026-01-03T23:34:56.861612Z,price_change,0.64,SELL,-66,0.63,0.64
2026-01-03T23:34:59.110325Z,price_change,0.64,SELL,-323,0.63,0.64
2026-01-03T23:34:59.18833Z,price_change,0.64,SELL,310,0.63,0.64
2026-01-03T23:34:59.379989Z,price_change,0.64,SELL,-310,0.63,0.64
2026-01-03T23:35:12.328643Z,price_change,0.63,BUY,2,0.63,0.64
2026-01-03T23:35:51.783793Z,price_change,0.64,SELL,60,0.63,0.64
2026-01-03T23:36:12.123148Z,price_change,0.64,SELL,-60,0.63,0.64
2026-01-03T23:36:52.556196Z,price_change,0.65,SELL,29,0.63,0.64
2026-01-03T23:37:01.801815Z,price_change,0.64,SELL,-5,0.63,0.64
2026-01-03T23:37:21.79461Z,price_change,0.64,SELL,60,0.63,0.64
2026-01-03T23:37:32.001233Z,price_change,0.59,BUY,-500,0.63,0.64
2026-01-03T23:37:42.274557Z,price_change,0.64,SELL,-60,0.63,0.64
2026-01-03T23:37:45.638527Z,price_change,0.64,SELL,-99,0.63,0.64
2026-01-03T23:37:51.750235Z,price_change,0.59,BUY,500,0.63,0.64
2026-01-03T23:37:55.566039Z,price_change,0.64,SELL,-15,0.63,0.64
2026-01-03T23:38:04.001185Z,price_change,0.59,BUY,-500,0.63,0.64
2026-01-03T23:38:17.230857Z,price_change,0.64,SELL,-10,0.63,0.64
2026-01-03T23:38:17.655922Z,price_change,0.64,SELL,10,0.63,0.64
2026-01-03T23:38:30.002854Z,price_change,0.59,BUY,500,0.63,0.64
2026-01-03T23:38:36.995275Z,price_change,0.62,BUY,-1000,0.63,0.64
2026-01-03T23:38:36.996262Z,price_change,0.65,SELL,-1000,0.63,0.64
2026-01-03T23:38:37.047892Z,price_change,0.62,BUY,887,0.63,0.64
2026-01-03T23:38:37.048814Z,price_change,0.61,BUY,1000,0.63,0.64
2026-01-03T23:38:37.049906Z,price_change,0.64,SELL,1,0.63,0.64
2026-01-03T23:38:37.050873Z,price_change,0.63,BUY,-112,0.63,0.64
2026-01-03T23:38:51.738432Z,price_change,0.64,SELL,66,0.63,0.64
2026-01-03T23:39:00.411624Z,price_change,0.64,SELL,-66,0.63,0.64
2026-01-03T23:39:00.468046Z,price_change,0.64,SELL,-8228,0.63,0.64
2026-01-03T23:39:02.738509Z,price_change,0.64,SELL,1207,0.63,0.64
2026-01-03T23:39:07.306503Z,price_change,0.62,BUY,112,0.63,0.64
2026-01-03T23:39:12.088169Z,price_change,0.64,SELL,-8553,0.63,0.64
2026-01-03T23:39:12.28721Z,price_change,0.64,SELL,-66,0.63,0.64
2026-01-03T23:39:15.752257Z,price_change,0.99,SELL,-9000,0.63,0.64
2026-01-03T23:39:15.944851Z,price_change,0.01,BUY,-9000,0.63,0.64
2026-01-03T23:39:16.150281Z,price_change,0.98,SELL,-3000,0.63,0.64
2026-01-03T23:39:16.358112Z,price_change,0.02,BUY,-3000,0.63,0.64
2026-01-03T23:39:16.553248Z,price_change,0.97,SELL,-700,0.63,0.64
2026-01-03T23:39:16.736811Z,price_change,0.03,BUY,-700,0.63,0.64
2026-01-03T23:39:16.952938Z,price_change,0.8,SELL,-237,0.63,0.64
2026-01-03T23:39:17.133859Z,price_change,0.79,SELL,-228,0.63,0.64
2026-01-03T23:39:17.306359Z,price_change,0.78,SELL,-62,0.63,0.64
2026-01-03T23:39:17.307802Z,price_change,0.78,SELL,-139,0.63,0.64
2026-01-03T23:39:17.503089Z,price_change,0.77,SELL,-89,0.63,0.64
2026-01-03T23:39:17.504525Z,price_change,0.77,SELL,-103,0.63,0.64
2026-01-03T23:39:17.68364Z,price_change,0.76,SELL,-131,0.63,0.64
2026-01-03T23:39:17.686239Z,price_change,0.76,SELL,-34,0.63,0.64
2026-01-03T23:39:17.949086Z,price_change,0.75,SELL,-139,0.63,0.64
2026-01-03T23:39:18.136595Z,price_change,0.74,SELL,-103,0.63,0.64
2026-01-03T23:39:18.314691Z,price_change,0.73,SELL,-34,0.63,0.64
2026-01-03T23:39:18.503661Z,price_change,0.41,BUY,-27,0.63,0.64
2026-01-03T23:39:18.505455Z,price_change,0.41,BUY,-201,0.63,0.64
2026-01-03T23:39:18.699849Z,price_change,0.42,BUY,-36,0.63,0.64
2026-01-03T23:39:18.701727Z,price_change,0.42,BUY,-53,0.63,0.64
2026-01-03T23:39:18.703541Z,price_change,0.42,BUY,-139,0.63,0.64
2026-01-03T23:39:18.917288Z,price_change,0.43,BUY,-27,0.63,0.64
2026-01-03T23:39:18.918279Z,price_change,0.43,BUY,-62,0.63,0.64
2026-01-03T23:39:18.919142Z,price_change,0.43,BUY,-69,0.63,0.64
2026-01-03T23:39:18.919845Z,price_change,0.43,BUY,-34,0.63,0.64
2026-01-03T23:39:19.106251Z,price_change,0.44,BUY,-27,0.63,0.64
2026-01-03T23:39:19.107711Z,price_change,0.44,BUY,-26,0.63,0.64
2026-01-03T23:39:19.109126Z,price_change,0.44,BUY,-105,0.63,0.64
2026-01-03T23:39:19.110795Z,price_change,0.44,BUY,-34,0.63,0.64
2026-01-03T23:39:19.333145Z,price_change,0.45,BUY,-26,0.63,0.64
2026-01-03T23:39:19.333889Z,price_change,0.45,BUY,-36,0.63,0.64
2026-01-03T23:39:19.334832Z,price_change,0.45,BUY,-103,0.63,0.64
2026-01-03T23:39:19.479419Z,price_change,0.46,BUY,-36,0.63,0.64
2026-01-03T23:39:19.480944Z,price_change,0.46,BUY,-69,0.63,0.64
2026-01-03T23:39:19.482378Z,price_change,0.46,BUY,-34,0.63,0.64
2026-01-03T23:39:19.682335Z,price_change,0.47,BUY,-69,0.63,0.64
2026-01-03T23:39:19.683361Z,price_change,0.47,BUY,-34,0.63,0.64
2026-01-03T23:39:19.928149Z,price_change,0.48,BUY,-34,0.63,0.64
2026-01-03T23:39:27.28967Z,price_change,0.65,SELL,1798,0.63,0.64
2026-01-03T23:39:38.00111Z,price_change,0.6,BUY,30,0.63,0.64
2026-01-03T23:39:38.005498Z,price_change,0.6699999999999999,SELL,30,0.63,0.64
2026-01-03T23:39:38.017877Z,price_change,0.6,BUY,30,0.63,0.64
2026-01-03T23:39:38.01828Z,price_change,0.6,BUY,30,0.63,0.64
2026-01-03T23:39:38.019177Z,price_change,0.6699999999999999,SELL,30,0.63,0.64
2026-01-03T23:39:38.019575Z,price_change,0.6699999999999999,SELL,30,0.63,0.64
2026-01-03T23:39:56.459319Z,price_change,0.64,SELL,1813,0.63,0.64
2026-01-03T23:39:59.578308Z,price_change,0.65,SELL,980,0.63,0.64
2026-01-03T23:40:11.966398Z,price_change,0.65,SELL,4206,0.63,0.64
2026-01-03T23:40:12.035909Z,price_change,0.64,SELL,-338,0.63,0.64
2026-01-03T23:40:16.451371Z,price_change,0.64,SELL,343,0.63,0.64
2026-01-03T23:40:21.8521Z,price_change,0.64,SELL,66,0.63,0.64
2026-01-03T23:40:22.517621Z,price_change,0.64,SELL,-66,0.63,0.64
2026-01-03T23:40:26.671343Z,price_change,0.64,SELL,66,0.63,0.64
2026-01-03T23:40:30.278373Z,price_change,0.65,SELL,980,0.63,0.64
2026-01-03T23:40:37.517175Z,price_change,0.62,BUY,-887,0.63,0.64
2026-01-03T23:40:37.546157Z,price_change,0.62,BUY,731,0.63,0.64
2026-01-03T23:40:37.547186Z,price_change,0.63,BUY,-156,0.63,0.64
2026-01-03T23:40:42.123983Z,price_change,0.64,SELL,-66,0.63,0.64
2026-01-03T23:40:51.002843Z,price_change,0.59,BUY,-500,0.63,0.64
2026-01-03T23:40:56.299558Z,price_change,0.62,BUY,156,0.63,0.64
2026-01-03T23:41:05.034383Z,price_change,0.64,SELL,-15,0.63,0.64
2026-01-03T23:41:15.036191Z,price_change,0.59,BUY,500,0.63,0.64
2026-01-03T23:41:28.333522Z,price_change,0.64,SELL,-113,0.63,0.64
2026-01-03T23:41:28.437039Z,price_change,0.64,SELL,113,0.63,0.64
2026-01-03T23:41:28.601967Z,price_change,0.64,SELL,-110,0.63,0.64
2026-01-03T23:41:49.135379Z,price_change,0.64,SELL,-43,0.63,0.64
2026-01-03T23:41:49.191575Z,price_change,0.64,SELL,-343,0.63,0.64
2026-01-03T23:41:49.193408Z,price_change,0.64,SELL,-3,0.63,0.64
2026-01-03T23:41:51.684689Z,price_change,0.64,SELL,389,0.63,0.64
2026-01-03T23:41:51.747136Z,price_change,0.64,SELL,66,0.63,0.64
2026-01-03T23:41:55.886502Z,price_change,0.64,SELL,-73,0.63,0.64
2026-01-03T23:41:55.940178Z,price_change,0.64,SELL,-66,0.63,0.64
2026-01-03T23:42:01.938152Z,price_change,0.64,SELL,139,0.63,0.64
2026-01-03T23:42:01.974037Z,price_change,0.6,BUY,-4098,0.63,0.64
2026-01-03T23:42:12.185308Z,price_change,0.64,SELL,-66,0.63,0.64
2026-01-03T23:42:27.86191Z,price_change,0.64,SELL,-14689,0.63,0.64
2026-01-03T23:42:27.960175Z,price_change,0.65,SELL,14674,0.63,0.64
2026-01-03T23:42:28.495779Z,price_change,0.62,BUY,-75000,0.63,0.64
2026-01-03T23:42:28.681121Z,price_change,0.63,BUY,75000,0.63,0.64
2026-01-03T23:42:29.331094Z,price_change,0.64,SELL,-1424,0.63,0.64
2026-01-03T23:42:29.378885Z,price_change,0.64,SELL,-316,0.63,0.64
2026-01-03T23:42:29.380459Z,price_change,0.64,SELL,-73,0.63,0.64
2026-01-03T23:42:29.465636Z,price_change,0.65,SELL,-200,0.63,0.64
2026-01-03T23:42:29.502905Z,price_change,0.6599999999999999,SELL,200,0.63,0.64
2026-01-03T23:42:37.655514Z,price_change,0.62,BUY,-112,0.63,0.64
2026-01-03T23:42:37.65652Z,price_change,0.62,BUY,-731,0.63,0.64
2026-01-03T23:42:37.697583Z,price_change,0.62,BUY,294,0.63,0.64
2026-01-03T23:42:37.699007Z,price_change,0.63,BUY,-549,0.63,0.64
2026-01-03T23:42:37.699007Z,price_change,0.64,SELL,-999,0.63,0.64
2026-01-03T23:42:37.699007Z,price_change,0.61,BUY,-1000,0.63,0.64
2026-01-03T23:42:37.699007Z,price_change,0.64,SELL,-1,0.63,0.64
2026-01-03T23:42:37.699007Z,price_change,0.62,BUY,-156,0.63,0.64
2026-01-03T23:42:37.699007Z,price_change,0.62,BUY,-294,0.63,0.64
2026-01-03T23:42:41.7458Z,price_change,0.61,BUY,1000,0.63,0.64
2026-01-03T23:42:41.746591Z,price_change,0.62,BUY,450,0.63,0.64
2026-01-03T23:42:41.747435Z,price_change,0.63,BUY,-75,0.63,0.64
2026-01-03T23:42:41.747435Z,price_change,0.63,BUY,-2,0.63,0.64
2026-01-03T23:42:41.747435Z,price_change,0.63,BUY,-472,0.63,0.64
2026-01-03T23:42:41.747435Z,price_change,0.61,BUY,-1000,0.63,0.64
2026-01-03T23:42:41.747435Z,price_change,0.62,BUY,-450,0.63,0.64
2026-01-03T23:42:52.987527Z,price_change,0.63,BUY,3,0.63,0.64
2026-01-03T23:42:59.155499Z,price_change,0.64,SELL,-4,0.63,0.64
2026-01-03T23:43:12.846246Z,price_change,0.61,BUY,-1237,0.63,0.64
2026-01-03T23:43:13.521329Z,price_change,0.61,BUY,1237,0.63,0.64
2026-01-03T23:43:15.286377Z,price_change,0.61,BUY,1000,0.63,0.64
2026-01-03T23:43:15.287831Z,price_change,0.62,BUY,999,0.63,0.64
2026-01-03T23:43:15.2888Z,price_change,0.64,SELL,1000,0.63,0.64
2026-01-03T23:43:15.368502Z,price_change,0.65,SELL,-14674,0.63,0.64
2026-01-03T23:43:15.645277Z,price_change,0.64,SELL,14689,0.63,0.64
2026-01-03T23:43:16.482514Z,price_change,0.61,BUY,5388,0.63,0.64
2026-01-03T23:43:16.862887Z,price_change,0.64,SELL,1814,0.63,0.64
2026-01-03T23:43:16.883538Z,price_change,0.63,BUY,-74528,0.63,0.64
2026-01-03T23:43:17.009847Z,price_change,0.62,BUY,75000,0.63,0.64
2026-01-03T23:43:17.594707Z,price_change,0.6599999999999999,SELL,-200,0.63,0.64
2026-01-03T23:43:17.632705Z,price_change,0.65,SELL,200,0.63,0.64
2026-01-03T23:43:18.582731Z,price_change,0.64,SELL,-10,0.63,0.64
2026-01-03T23:43:19.011292Z,price_change,0.64,SELL,10,0.63,0.64
2026-01-03T23:43:21.550619Z,price_change,0.61,BUY,7,0.63,0.64
2026-01-03T23:43:21.703922Z,price_change,0.64,SELL,66,0.63,0.64
2026-01-03T23:43:24.696312Z,price_change,0.61,BUY,-7,0.63,0.64
2026-01-03T23:43:29.000228Z,price_change,0.59,BUY,-500,0.63,0.64
2026-01-03T23:43:42.362152Z,price_change,0.64,SELL,-66,0.63,0.64
2026-01-03T23:43:43.758051Z,price_change,0.65,SELL,-980,0.63,0.64
2026-01-03T23:43:43.758808Z,price_change,0.65,SELL,-980,0.63,0.64
2026-01-03T23:43:44.871795Z,price_change,0.65,SELL,-980,0.63,0.64
2026-01-03T23:43:54.970774Z,price_change,0.59,BUY,500,0.63,0.64
2026-01-03T23:44:14.002354Z,price_change,0.59,BUY,-500,0.63,0.64
2026-01-03T23:44:15.219501Z,price_change,0.64,SELL,-15,0.63,0.64
2026-01-03T23:44:19.321447Z,price_change,0.62,BUY,1,0.63,0.64
2026-01-03T23:44:34.172324Z,price_change,0.62,BUY,-75000,0.63,0.64
2026-01-03T23:44:34.304087Z,price_change,0.63,BUY,75000,0.63,0.64
2026-01-03T23:44:34.355979Z,price_change,0.64,SELL,-1814,0.63,0.64
2026-01-03T23:44:35.028332Z,price_change,0.64,SELL,-14689,0.63,0.64
2026-01-03T23:44:35.299112Z,price_change,0.65,SELL,14674,0.63,0.64
2026-01-03T23:44:35.467615Z,price_change,0.6599999999999999,SELL,5493,0.63,0.64
2026-01-03T23:44:35.583793Z,price_change,0.61,BUY,-1237,0.63,0.64
2026-01-03T23:44:35.691803Z,price_change,0.65,SELL,-200,0.63,0.64
2026-01-03T23:44:35.721543Z,price_change,0.6599999999999999,SELL,200,0.63,0.64
2026-01-03T23:44:35.934297Z,price_change,0.61,BUY,1237,0.63,0.64
2026-01-03T23:44:43.504251Z,price_change,0.59,BUY,500,0.63,0.64
2026-01-03T23:44:51.851763Z,price_change,0.64,SELL,66,0.63,0.64
2026-01-03T23:44:52.121659Z,price_change,0.64,SELL,-15,0.63,0.64
2026-01-03T23:45:12.114626Z,price_change,0.64,SELL,-66,0.63,0.64
2026-01-03T23:45:43.800336Z,price_change,0.64,SELL,-37,0.63,0.64
2026-01-03T23:45:43.863222Z,price_change,0.64,SELL,37,0.63,0.64
2026-01-03T23:45:44.015397Z,price_change,0.64,SELL,-36,0.63,0.64
2026-01-03T23:45:51.545276Z,price_change,0.64,SELL,-5,0.63,0.64
2026-01-03T23:45:59.71298Z,price_change,0.64,SELL,-1,0.63,0.64
2026-01-03T23:46:21.795686Z,price_change,0.64,SELL,67,0.63,0.64
2026-01-03T23:46:38.604544Z,price_change,0.61,BUY,-1000,0.63,0.64
2026-01-03T23:46:38.606268Z,price_change,0.64,SELL,-1000,0.63,0.64
2026-01-03T23:46:38.656202Z,price_change,0.62,BUY,1,0.63,0.64
2026-01-03T23:46:38.657369Z,price_change,0.63,BUY,548,0.63,0.64
2026-01-03T23:46:38.658669Z,price_change,0.64,SELL,451,0.63,0.64
2026-01-03T23:46:38.65967Z,price_change,0.65,SELL,1000,0.63,0.64
2026-01-03T23:46:42.167635Z,price_change,0.64,SELL,-66,0.63,0.64
2026-01-03T23:46:55.499943Z,price_change,0.63,BUY,-548,0.63,0.64
2026-01-03T23:46:55.517553Z,price_change,0.63,BUY,450,0.63,0.64
2026-01-03T23:46:55.518579Z,price_change,0.64,SELL,98,0.63,0.64
2026-01-03T23:47:25.198656Z,price_change,0.63,BUY,-450,0.63,0.64
2026-01-03T23:47:25.21281Z,price_change,0.63,BUY,449,0.63,0.64
2026-01-03T23:47:25.213528Z,price_change,0.64,SELL,1,0.63,0.64
2026-01-03T23:47:37.376442Z,price_change,0.63,BUY,-449,0.63,0.64
2026-01-03T23:47:37.377912Z,price_change,0.64,SELL,-451,0.63,0.64
2026-01-03T23:47:37.394792Z,price_change,0.63,BUY,374,0.63,0.64
2026-01-03T23:47:37.396224Z,price_change,0.64,SELL,526,0.63,0.64
2026-01-03T23:47:43.004293Z,price_change,0.59,BUY,-500,0.63,0.64
2026-01-03T23:47:47.296927Z,price_change,0.6,BUY,-14196,0.63,0.64
2026-01-03T23:47:47.298113Z,price_change,0.6,BUY,-10147,0.63,0.64
2026-01-03T23:47:47.299182Z,price_change,0.6,BUY,-2535,0.63,0.64
2026-01-03T23:47:47.300288Z,price_change,0.6,BUY,-17015,0.63,0.64
2026-01-03T23:47:47.30129Z,price_change,0.6,BUY,-3652,0.63,0.64
2026-01-03T23:47:47.302292Z,price_change,0.6,BUY,-19029,0.63,0.64
2026-01-03T23:47:47.303315Z,price_change,0.6,BUY,-9755,0.63,0.64
2026-01-03T23:47:47.304636Z,price_change,0.62,BUY,54263,0.63,0.64
2026-01-03T23:47:47.305635Z,price_change,0.64,SELL,-17771,0.63,0.64
2026-01-03T23:47:47.306852Z,price_change,0.65,SELL,-1900,0.63,0.64
2026-01-03T23:47:47.308301Z,price_change,0.6599999999999999,SELL,58506,0.63,0.64
2026-01-03T23:47:47.330185Z,price_change,0.64,SELL,-5000,0.63,0.64
2026-01-03T23:47:47.33834Z,price_change,0.61,BUY,-5000,0.63,0.64
2026-01-03T23:47:47.33834Z,price_change,0.62,BUY,5000,0.63,0.64
2026-01-03T23:47:47.48281Z,price_change,0.65,SELL,5000,0.63,0.64
2026-01-03T23:47:47.707882Z,price_change,0.64,SELL,-15452,0.63,0.64
2026-01-03T23:47:47.70922Z,price_change,0.64,SELL,-1141,0.63,0.64
2026-01-03T23:47:47.711696Z,price_change,0.64,SELL,-8,0.63,0.64
2026-01-03T23:47:47.713086Z,price_change,0.64,SELL,-1,0.63,0.64
2026-01-03T23:47:47.825252Z,price_change,0.6599999999999999,SELL,63708,0.63,0.64
2026-01-03T23:47:48.006988Z,price_change,0.64,SELL,-40,0.63,0.64
2026-01-03T23:47:48.102907Z,price_change,0.65,SELL,-75,0.63,0.64
2026-01-03T23:47:48.797495Z,price_change,0.61,BUY,-100,0.63,0.64
2026-01-03T23:47:49.082594Z,price_change,0.6599999999999999,SELL,-178,0.63,0.64
2026-01-03T23:47:51.902277Z,price_change,0.65,SELL,66,0.63,0.64
2026-01-03T23:47:52.54191Z,price_change,0.62,BUY,-3099,0.63,0.64
2026-01-03T23:47:52.659071Z,price_change,0.6699999999999999,SELL,8000,0.63,0.64
2026-01-03T23:47:55.700605Z,price_change,0.64,SELL,-1,0.63,0.64
2026-01-03T23:47:58.788201Z,price_change,0.59,BUY,500,0.63,0.64
2026-01-03T23:47:58.909639Z,price_change,0.65,SELL,75,0.63,0.64
2026-01-03T23:48:03.705134Z,price_change,0.65,SELL,179,0.63,0.64
2026-01-03T23:48:04.469654Z,price_change,0.63,BUY,-374,0.63,0.64
2026-01-03T23:48:04.47031Z,price_change,0.64,SELL,-98,0.63,0.64
2026-01-03T23:48:04.518764Z,price_change,0.63,BUY,174,0.63,0.64
2026-01-03T23:48:04.520749Z,price_change,0.64,SELL,298,0.63,0.64
2026-01-03T23:48:04.542013Z,price_change,0.65,SELL,-28,0.63,0.64
2026-01-03T23:48:04.585856Z,price_change,0.6599999999999999,SELL,-37,0.63,0.64
2026-01-03T23:48:04.785196Z,price_change,0.65,SELL,-33,0.63,0.64
2026-01-03T23:48:04.831966Z,price_change,0.6599999999999999,SELL,-92,0.63,0.64
2026-01-03T23:48:08.738066Z,price_change,0.6599999999999999,SELL,30,0.63,0.64
2026-01-03T23:48:10.02551Z,price_change,0.62,BUY,75,0.63,0.64
2026-01-03T23:48:12.099153Z,price_change,0.65,SELL,-43,0.63,0.64
2026-01-03T23:48:20.323925Z,price_change,0.64,SELL,375,0.63,0.64
2026-01-03T23:48:20.693778Z,price_change,0.61,BUY,100,0.63,0.64
2026-01-03T23:48:20.697567Z,price_change,0.6599999999999999,SELL,100,0.63,0.64
2026-01-03T23:48:21.458335Z,price_change,0.64,SELL,-10,0.63,0.64
2026-01-03T23:48:21.833397Z,price_change,0.64,SELL,10,0.63,0.64
2026-01-03T23:48:23.448398Z,price_change,0.65,SELL,-66,0.63,0.64
2026-01-03T23:48:23.449305Z,price_change,0.65,SELL,-818,0.63,0.64
2026-01-03T23:48:23.450509Z,price_change,0.65,SELL,-29,0.63,0.64
2026-01-03T23:48:23.451311Z,price_change,0.65,SELL,-29,0.63,0.64
2026-01-03T23:48:23.452288Z,price_change,0.65,SELL,-75,0.63,0.64
2026-01-03T23:48:23.591834Z,price_change,0.65,SELL,-148,0.63,0.64
2026-01-03T23:48:39.146752Z,price_change,0.64,SELL,-1,0.63,0.64
2026-01-03T23:48:39.148128Z,price_change,0.64,SELL,-526,0.63,0.64
2026-01-03T23:48:39.19546Z,price_change,0.63,BUY,113,0.63,0.64
2026-01-03T23:48:39.196443Z,price_change,0.64,SELL,414,0.63,0.64
2026-01-03T23:48:42.929314Z,price_change,0.6599999999999999,SELL,985,0.63,0.64
2026-01-03T23:48:45.914002Z,price_change,0.6599999999999999,SELL,561,0.63,0.64
2026-01-03T23:48:46.862509Z,price_change,0.64,SELL,-6,0.63,0.64
2026-01-03T23:48:47.954766Z,price_change,0.6599999999999999,SELL,183925,0.63,0.64
2026-01-03T23:48:47.982992Z,price_change,0.6599999999999999,SELL,185023,0.63,0.64
2026-01-03T23:48:48.06474Z,price_change,0.65,SELL,64,0.63,0.64
2026-01-03T23:48:54.001719Z,price_change,0.59,BUY,-500,0.63,0.64
2026-01-03T23:48:55.118145Z,price_change,0.63,BUY,-174,0.63,0.64
2026-01-03T23:48:55.165867Z,price_change,0.63,BUY,137,0.63,0.64
2026-01-03T23:48:55.166844Z,price_change,0.64,SELL,37,0.63,0.64
2026-01-03T23:48:55.229024Z,price_change,0.65,SELL,12263,0.63,0.64
2026-01-03T23:48:55.299031Z,price_change,0.65,SELL,13611,0.63,0.64
2026-01-03T23:48:56.374749Z,price_change,0.64,SELL,-30,0.63,0.64
2026-01-03T23:48:58.032147Z,price_change,0.65,SELL,8572,0.63,0.64
2026-01-03T23:49:02.845827Z,price_change,0.6599999999999999,SELL,5428,0.63,0.64
2026-01-03T23:49:05.211597Z,price_change,0.6599999999999999,SELL,8823,0.63,0.64
2026-01-03T23:49:08.141159Z,price_change,0.65,SELL,-66,0.63,0.64
2026-01-03T23:49:12.772148Z,price_change,0.6699999999999999,SELL,9091,0.63,0.64
2026-01-03T23:49:19.404956Z,price_change,0.59,BUY,500,0.63,0.64
2026-01-03T23:49:36.959799Z,price_change,0.64,SELL,-149,0.63,0.64
2026-01-03T23:49:39.286969Z,price_change,0.64,SELL,-4,0.63,0.64
2026-01-03T23:49:43.070683Z,price_change,0.62,BUY,-5,0.63,0.64
2026-01-03T23:49:43.070683Z,price_change,0.58,BUY,5,0.63,0.64
2026-01-03T23:49:56.677177Z,price_change,0.64,SELL,-39,0.63,0.64
2026-01-03T23:50:18.033057Z,price_change,0.65,SELL,65,0.63,0.64
2026-01-03T23:50:38.105767Z,price_change,0.65,SELL,-65,0.63,0.64
2026-01-03T23:50:39.844093Z,price_change,0.62,BUY,-999,0.63,0.64
2026-01-03T23:50:39.844933Z,price_change,0.62,BUY,-1,0.63,0.64
2026-01-03T23:50:39.845806Z,price_change,0.65,SELL,-1000,0.63,0.64
2026-01-03T23:50:39.846919Z,price_change,0.64,SELL,-37,0.63,0.64
2026-01-03T23:50:39.848152Z,price_change,0.64,SELL,-414,0.63,0.64
2026-01-03T23:50:39.848967Z,price_change,0.64,SELL,-298,0.63,0.64
2026-01-03T23:50:39.882988Z,price_change,0.64,SELL,-38,0.63,0.64
2026-01-03T23:50:39.883818Z,price_change,0.63,BUY,750,0.63,0.64
2026-01-03T23:50:39.884785Z,price_change,0.6599999999999999,SELL,1000,0.63,0.64
2026-01-03T23:50:39.885768Z,price_change,0.65,SELL,961,0.63,0.64
2026-01-03T23:50:40.122399Z,price_change,0.62,BUY,1143,0.63,0.64
2026-01-03T23:50:41.000991Z,price_change,0.6699999999999999,SELL,-8000,0.63,0.64
2026-01-03T23:50:54.152173Z,price_change,0.63,BUY,-113,0.63,0.64
2026-01-03T23:50:54.153904Z,price_change,0.6599999999999999,SELL,-1000,0.63,0.64
2026-01-03T23:50:54.205618Z,price_change,0.63,BUY,75,0.63,0.64
2026-01-03T23:50:54.207167Z,price_change,0.62,BUY,1000,0.63,0.64
2026-01-03T23:50:54.208777Z,price_change,0.65,SELL,39,0.63,0.64
2026-01-03T23:50:54.210375Z,price_change,0.64,SELL,37,0.63,0.64
2026-01-03T23:50:58.000139Z,price_change,0.59,BUY,-500,0.63,0.64
2026-01-03T23:51:08.215248Z,price_change,0.55,BUY,4000,0.63,0.64
2026-01-03T23:51:14.2891Z,price_change,0.6599999999999999,SELL,6730,0.63,0.64
2026-01-03T23:51:27.566929Z,price_change,0.59,BUY,500,0.63,0.64
2026-01-03T23:51:36.078866Z,price_change,0.65,SELL,-269,0.63,0.64
2026-01-03T23:51:48.069203Z,price_change,0.65,SELL,66,0.63,0.64
2026-01-03T23:51:49.293987Z,price_change,0.64,SELL,-38,0.63,0.64
2026-01-03T23:52:03.281843Z,price_change,0.6,BUY,-50,0.63,0.64
2026-01-03T23:52:03.281843Z,price_change,0.62,BUY,50,0.63,0.64
2026-01-03T23:52:08.101138Z,price_change,0.65,SELL,-66,0.63,0.64
2026-01-03T23:52:21.107913Z,price_change,0.65,SELL,5,0.63,0.64
2026-01-03T23:52:28.650643Z,price_change,0.65,SELL,-980,0.63,0.64
2026-01-03T23:52:30.778676Z,price_change,0.65,SELL,-5,0.63,0.64
2026-01-03T23:52:39.476009Z,price_change,0.65,SELL,5,0.63,0.64
2026-01-03T23:52:41.070537Z,price_change,0.64,SELL,-30,0.63,0.64
2026-01-03T23:52:43.524529Z,price_change,0.64,SELL,-260,0.63,0.64
2026-01-03T23:52:51.925642Z,price_change,0.62,BUY,1237,0.63,0.64
2026-01-03T23:52:52.287399Z,price_change,0.61,BUY,-1237,0.63,0.64
2026-01-03T23:52:58.207371Z,price_change,0.6599999999999999,SELL,-3385,0.63,0.64
2026-01-03T23:53:02.460454Z,price_change,0.65,SELL,-5,0.63,0.64
2026-01-03T23:53:08.067865Z,price_change,0.65,SELL,5,0.63,0.64
2026-01-03T23:53:18.043558Z,price_change,0.65,SELL,66,0.63,0.64
2026-01-03T23:53:22.723964Z,price_change,0.65,SELL,-5,0.63,0.64
2026-01-03T23:53:23.845207Z,price_change,0.64,SELL,-10,0.63,0.64
2026-01-03T23:53:24.251178Z,price_change,0.64,SELL,10,0.63,0.64
2026-01-03T23:53:33.83005Z,price_change,0.6599999999999999,SELL,-3345,0.63,0.64
2026-01-03T23:53:33.831054Z,price_change,0.6599999999999999,SELL,-5428,0.63,0.64
2026-01-03T23:53:33.831939Z,price_change,0.6599999999999999,SELL,-80940,0.63,0.64
2026-01-03T23:53:33.832989Z,price_change,0.65,SELL,125455,0.63,0.64
2026-01-03T23:53:33.963719Z,price_change,0.65,SELL,71903,0.63,0.64
2026-01-03T23:53:48.985457Z,price_change,0.6699999999999999,SELL,-30,0.63,0.64
2026-01-03T23:53:49.073517Z,price_change,0.6,BUY,-30,0.63,0.64
2026-01-03T23:53:49.158674Z,price_change,0.6699999999999999,SELL,-30,0.63,0.64
2026-01-03T23:53:49.245212Z,price_change,0.6,BUY,-30,0.63,0.64
2026-01-03T23:53:49.3301Z,price_change,0.6699999999999999,SELL,-30,0.63,0.64
2026-01-03T23:53:49.418335Z,price_change,0.6,BUY,-30,0.63,0.64
2026-01-03T23:53:49.627825Z,price_change,0.6,BUY,30,0.63,0.64
2026-01-03T23:53:49.629351Z,price_change,0.6699999999999999,SELL,30,0.63,0.64
2026-01-03T23:53:49.649717Z,price_change,0.6,BUY,30,0.63,0.64
2026-01-03T23:53:49.65093Z,price_change,0.6,BUY,30,0.63,0.64
2026-01-03T23:53:49.651606Z,price_change,0.6699999999999999,SELL,30,0.63,0.64
2026-01-03T23:53:49.652329Z,price_change,0.6699999999999999,SELL,30,0.63,0.64
2026-01-03T23:53:58.678948Z,price_change,0.6599999999999999,SELL,-3014,0.63,0.64
2026-01-03T23:54:13.496792Z,price_change,0.65,SELL,5,0.63,0.64
2026-01-03T23:54:18.683611Z,price_change,0.6599999999999999,SELL,-2292,0.63,0.64
2026-01-03T23:54:19.000493Z,price_change,0.59,BUY,-500,0.63,0.64
2026-01-03T23:54:27.000264Z,price_change,0.59,BUY,-500,0.63,0.64
2026-01-03T23:54:29.25593Z,price_change,0.65,SELL,-5,0.63,0.64
2026-01-03T23:54:45.046497Z,price_change,0.59,BUY,500,0.63,0.64
2026-01-03T23:54:48.690048Z,price_change,0.6599999999999999,SELL,-1983,0.63,0.64
2026-01-03T23:54:49.074995Z,price_change,0.59,BUY,500,0.63,0.64
2026-01-03T23:54:52.478Z,price_change,0.64,SELL,-484,0.63,0.64
2026-01-03T23:54:52.478Z,price_change,0.64,SELL,-516,0.63,0.64
2026-01-03T23:54:53.792235Z,price_change,0.65,SELL,1929,0.63,0.64
2026-01-03T23:54:58.34047Z,price_change,0.64,SELL,-100,0.63,0.64
2026-01-03T23:54:59.207313Z,price_change,0.64,SELL,-10,0.63,0.64
2026-01-03T23:54:59.76808Z,price_change,0.65,SELL,5,0.63,0.64
2026-01-03T23:55:08.694084Z,price_change,0.6599999999999999,SELL,-1988,0.63,0.64
2026-01-03T23:55:17.776365Z,price_change,0.65,SELL,-5,0.63,0.64
2026-01-03T23:55:18.696233Z,price_change,0.6599999999999999,SELL,-3480,0.63,0.64
2026-01-03T23:55:38.700816Z,price_change,0.6599999999999999,SELL,-2124,0.63,0.64
2026-01-03T23:55:44.563356Z,price_change,0.9,SELL,-611,0.63,0.64
2026-01-03T23:55:44.619638Z,price_change,0.3,BUY,-615,0.63,0.64
2026-01-03T23:55:44.801752Z,price_change,0.3,BUY,604,0.63,0.64
2026-01-03T23:55:44.855188Z,price_change,0.9,SELL,605,0.63,0.64
2026-01-03T23:55:52.064662Z,price_change,0.65,SELL,-5350,0.63,0.64
2026-01-03T23:55:52.065799Z,price_change,0.61,BUY,-4765,0.63,0.64
2026-01-03T23:55:52.066766Z,price_change,0.6599999999999999,SELL,4983,0.63,0.64
2026-01-03T23:56:06.14301Z,price_change,0.64,SELL,-113,0.63,0.64
2026-01-03T23:56:18.715631Z,price_change,0.6599999999999999,SELL,-2010,0.63,0.64
2026-01-03T23:56:21.335143Z,price_change,0.64,SELL,-1,0.63,0.64
2026-01-03T23:56:31.492182Z,price_change,0.64,SELL,-8,0.63,0.64
2026-01-03T23:56:32.042668Z,price_change,0.6699999999999999,SELL,1237,0.63,0.64
2026-01-03T23:56:32.202422Z,price_change,0.6599999999999999,SELL,-1237,0.63,0.64
2026-01-03T23:56:38.723461Z,price_change,0.6599999999999999,SELL,-2145,0.63,0.64
2026-01-03T23:56:46.670197Z,price_change,0.8,SELL,8,0.63,0.64
2026-01-03T23:56:47.170425Z,price_change,0.64,SELL,-10,0.63,0.64
2026-01-03T23:56:58.7317Z,price_change,0.6599999999999999,SELL,-828,0.63,0.64
2026-01-03T23:56:58.732919Z,price_change,0.6599999999999999,SELL,-737,0.63,0.64
2026-01-03T23:57:12.839828Z,price_change,0.55,BUY,2000,0.63,0.64
2026-01-03T23:57:18.74177Z,price_change,0.6599999999999999,SELL,-2370,0.63,0.64
2026-01-03T23:57:48.001931Z,price_change,0.59,BUY,-500,0.63,0.64
2026-01-03T23:58:02.240359Z,price_change,0.64,SELL,-60,0.63,0.64
2026-01-03T23:58:05.983443Z,price_change,0.59,BUY,500,0.63,0.64
2026-01-03T23:58:19.893063Z,price_change,0.64,SELL,-2,0.63,0.64
2026-01-03T23:58:37.282837Z,price_change,0.61,BUY,-623,0.63,0.64
2026-01-03T23:58:37.284003Z,price_change,0.61,BUY,-3720,0.63,0.64
2026-01-03T23:58:38.288911Z,price_change,0.64,SELL,-10,0.63,0.64
2026-01-03T23:58:38.671739Z,price_change,0.64,SELL,10,0.63,0.64
2026-01-03T23:58:43.529491Z,price_change,0.61,BUY,-1115,0.63,0.64
2026-01-03T23:58:43.530591Z,price_change,0.61,BUY,-2663,0.63,0.64
2026-01-03T23:58:47.667638Z,price_change,0.6,BUY,-1314,0.63,0.64
2026-01-03T23:58:50.400243Z,price_change,0.62,BUY,-5648,0.63,0.64
2026-01-03T23:58:55.140302Z,price_change,0.6599999999999999,SELL,-410,0.63,0.64
2026-01-03T23:58:55.610849Z,price_change,0.62,BUY,4465,0.63,0.64
2026-01-03T23:58:55.685655Z,price_change,0.6599999999999999,SELL,-5493,0.63,0.64
2026-01-03T23:58:58.744796Z,price_change,0.6699999999999999,SELL,-316,0.63,0.64
2026-01-03T23:59:03.026994Z,price_change,0.63,BUY,-3,0.63,0.64
2026-01-03T23:59:09.554851Z,price_change,0.64,SELL,-1,0.63,0.64
2026-01-03T23:59:20.985734Z,price_change,0.62,BUY,-1143,0.63,0.64
2026-01-03T23:59:27.866469Z,price_change,0.64,SELL,-5014,0.63,0.64
2026-01-03T23:59:29.184768Z,price_change,0.65,SELL,-5760,0.63,0.64
2026-01-03T23:59:39.905022Z,price_change,0.61,BUY,-5476,0.63,0.64
2026-01-03T23:59:40.257432Z,price_change,0.61,BUY,-387,0.63,0.64
2026-01-03T23:59:40.267685Z,price_change,0.65,SELL,-631,0.63,0.64
2026-01-03T23:59:40.754457Z,price_change,0.6,BUY,-822,0.63,0.64
2026-01-03T23:59:42.465383Z,price_change,0.6699999999999999,SELL,-1237,0.63,0.64
2026-01-03T23:59:43.557842Z,price_change,0.6699999999999999,SELL,1237,0.63,0.64
2026-01-03T23:59:44.001362Z,price_change,0.59,BUY,-500,0.63,0.64
2026-01-03T23:59:56.455241Z,price_change,0.6699999999999999,SELL,-1237,0.63,0.64
2026-01-03T23:59:57.753915Z,price_change,0.6699999999999999,SELL,1237,0.63,0.64
2026-01-04T00:00:03.152632Z,price_change,0.65,SELL,-3420,0.63,0.64
2026-01-04T00:00:03.15398Z,price_change,0.6599999999999999,SELL,3412,0.63,0.64
2026-01-04T00:00:10.798675Z,price_change,0.59,BUY,500,0.63,0.64
,book,0.6300,BUY,75962,0.6300,0.64
,book,0.64,SELL,2578,0.6300,0.64
2026-01-04T00:00:45.000084Z,price_change,0.6,BUY,-8,0.63,0.64
2026-01-04T00:00:48.249161Z,price_change,0.64,SELL,-303,0.63,0.64
,book,0.6200,BUY,313866,0.6200,0.64
,book,0.64,SELL,22016,0.6200,0.64
2026-01-04T00:15:29.539258Z,price_change,0.64,SELL,-19,0.62,0.64
