timestamp,event_type,price,side,size,best_bid,best_ask
,book,0.0500,BUY,46,0.0500,0.07
,book,0.07,SELL,1798,0.0500,0.07
2026-01-04T15:09:24.087117Z,price_change,0.04,BUY,100,0.05,0.07
2026-01-04T15:09:37.001667Z,price_change,0.05,BUY,-15,0.05,0.07
2026-01-04T15:09:37.039091Z,price_change,0.05,BUY,22,0.05,0.07
,book,0.0500,BUY,53,0.0500,0.07
,book,0.07,SELL,1798,0.0500,0.07
,book,0.0500,BUY,19,0.0500,0.07
,book,0.07,SELL,56,0.0500,0.07
,book,0.0500,BUY,21,0.0500,0.07
,book,0.07,SELL,40,0.0500,0.07
,book,0.0500,BUY,22,0.0500,0.06
,book,0.06,SELL,4750,0.0500,0.06
2026-01-04T15:45:05.863652Z,price_change,0.06000000000000005,SELL,-5,0.05,0.06
2026-01-04T15:45:06.978437Z,price_change,0.49,SELL,-39,0.05,0.06
2026-01-04T15:45:07.003009Z,price_change,0.49,SELL,39,0.05,0.06
2026-01-04T15:45:09.043992Z,price_change,0.05,BUY,-4,0.05,0.06
2026-01-04T15:45:09.065548Z,price_change,0.06000000000000005,SELL,29,0.05,0.06
2026-01-04T15:45:18.528824Z,price_change,0.06000000000000005,SELL,2500,0.05,0.06
2026-01-04T15:45:23.750905Z,price_change,0.06999999999999995,SELL,2500,0.05,0.06
2026-01-04T15:45:29.133539Z,price_change,0.08999999999999997,SELL,-2500,0.05,0.06
2026-01-04T15:45:29.133539Z,price_change,0.07999999999999996,SELL,2500,0.05,0.06
2026-01-04T15:46:17.01852Z,price_change,0.06000000000000005,SELL,-328,0.05,0.06
2026-01-04T15:46:17.049855Z,price_change,0.06000000000000005,SELL,-29,0.05,0.06
2026-01-04T15:46:17.59319Z,price_change,0.49,SELL,-39,0.05,0.06
2026-01-04T15:46:17.618356Z,price_change,0.49,SELL,39,0.05,0.06
2026-01-04T15:46:21.36901Z,price_change,0.06000000000000005,SELL,-26,0.05,0.06
2026-01-04T15:47:09.45191Z,price_change,0.05,BUY,-4,0.05,0.06
2026-01-04T15:48:07.812966Z,price_change,0.03,BUY,50,0.05,0.06
2026-01-04T15:48:36.000033Z,price_change,0.05,BUY,-10,0.05,0.06
2026-01-04T15:48:37.034512Z,price_change,0.05,BUY,10,0.05,0.06
2026-01-04T15:48:45.35829Z,price_change,0.06000000000000005,SELL,-78,0.05,0.06
2026-01-04T15:48:50.964573Z,price_change,0.49,SELL,-39,0.05,0.06
2026-01-04T15:48:50.987973Z,price_change,0.49,SELL,39,0.05,0.06
2026-01-04T15:50:02.671008Z,price_change,0.06000000000000005,SELL,-78,0.05,0.06
2026-01-04T15:50:07.283828Z,price_change,0.49,SELL,-39,0.05,0.06
2026-01-04T15:50:07.306827Z,price_change,0.49,SELL,39,0.05,0.06
2026-01-04T15:51:09.662203Z,price_change,0.05,BUY,-10,0.05,0.06
2026-01-04T15:51:09.662203Z,price_change,0.04,BUY,10,0.05,0.06
2026-01-04T15:51:26.290817Z,price_change,0.05,BUY,-4,0.04,0.06
2026-01-04T15:51:26.315292Z,price_change,0.02,BUY,-674,0.04,0.06
2026-01-04T15:51:30.145124Z,price_change,0.06000000000000005,SELL,-1563,0.04,0.06
2026-01-04T15:51:31.97352Z,price_change,0.49,SELL,-39,0.04,0.06
2026-01-04T15:51:31.999921Z,price_change,0.49,SELL,39,0.04,0.06
2026-01-04T15:51:43.906628Z,price_change,0.06000000000000005,SELL,-78,0.04,0.06
2026-01-04T15:51:46.980827Z,price_change,0.49,SELL,-39,0.04,0.06
2026-01-04T15:51:47.004462Z,price_change,0.49,SELL,39,0.04,0.06
2026-01-04T15:52:46.173284Z,price_change,0.04,BUY,-10,0.04,0.06
2026-01-04T15:52:46.173284Z,price_change,0.05,BUY,11,0.05,0.06
2026-01-04T15:52:46.208087Z,price_change,0.02,BUY,646,0.05,0.06
2026-01-04T15:53:32.577301Z,price_change,0.06000000000000005,SELL,-94,0.05,0.06
2026-01-04T15:53:32.577301Z,price_change,0.06000000000000005,SELL,-218,0.05,0.06
2026-01-04T15:53:38.587602Z,price_change,0.49,SELL,-39,0.05,0.06
2026-01-04T15:53:38.614585Z,price_change,0.49,SELL,39,0.05,0.06
2026-01-04T15:54:05.750085Z,price_change,0.05,BUY,-11,0.04,0.06
2026-01-04T15:54:05.750085Z,price_change,0.04,BUY,11,0.04,0.06
2026-01-04T15:54:05.76875Z,price_change,0.02,BUY,-646,0.04,0.06
2026-01-04T15:54:50.002177Z,price_change,0.04,BUY,-11,0.04,0.06
2026-01-04T15:54:50.038912Z,price_change,0.04,BUY,57,0.04,0.06
2026-01-04T15:55:01.731555Z,price_change,0.06000000000000005,SELL,-109,0.04,0.06
2026-01-04T15:55:07.206559Z,price_change,0.06000000000000005,SELL,-6,0.04,0.06
2026-01-04T15:55:07.235042Z,price_change,0.07999999999999996,SELL,-100,0.04,0.06
2026-01-04T15:55:12.882635Z,price_change,0.49,SELL,-39,0.04,0.06
2026-01-04T15:55:12.92948Z,price_change,0.49,SELL,39,0.04,0.06
2026-01-04T15:55:33.875376Z,price_change,0.06000000000000005,SELL,-156,0.04,0.06
2026-01-04T15:55:41.454398Z,price_change,0.49,SELL,-39,0.04,0.06
2026-01-04T15:55:41.499752Z,price_change,0.49,SELL,39,0.04,0.06
2026-01-04T15:55:42.358327Z,price_change,0.04,BUY,-46,0.04,0.06
2026-01-04T15:55:51.030097Z,price_change,0.06000000000000005,SELL,-100,0.04,0.06
2026-01-04T15:55:56.474534Z,price_change,0.49,SELL,-39,0.04,0.06
2026-01-04T15:55:56.503651Z,price_change,0.49,SELL,39,0.04,0.06
2026-01-04T15:55:58.361096Z,price_change,0.06000000000000005,SELL,-31,0.04,0.06
2026-01-04T15:56:42.716649Z,price_change,0.06000000000000005,SELL,-1,0.04,0.06
2026-01-04T15:56:44.486972Z,price_change,0.49,SELL,-39,0.04,0.06
2026-01-04T15:56:44.512527Z,price_change,0.49,SELL,39,0.04,0.06
2026-01-04T15:56:57.924007Z,price_change,0.06000000000000005,SELL,-7,0.04,0.06
2026-01-04T15:57:00.455253Z,price_change,0.49,SELL,-39,0.04,0.06
2026-01-04T15:57:00.504946Z,price_change,0.49,SELL,39,0.04,0.06
2026-01-04T15:57:35.560257Z,price_change,0.06000000000000005,SELL,1462,0.04,0.06
2026-01-04T15:57:55.606824Z,price_change,0.04,BUY,-11,0.04,0.06
2026-01-04T15:57:55.606824Z,price_change,0.05,BUY,10,0.05,0.06
2026-01-04T15:57:55.624437Z,price_change,0.02,BUY,716,0.05,0.06
2026-01-04T15:57:55.628323Z,price_change,0.05,BUY,10,0.05,0.06
2026-01-04T15:57:55.629991Z,price_change,0.05,BUY,-10,0.05,0.06
2026-01-04T15:57:55.656359Z,price_change,0.05,BUY,-10,0.04,0.06
2026-01-04T15:57:55.656359Z,price_change,0.04,BUY,10,0.04,0.06
2026-01-04T15:57:58.536806Z,price_change,0.06000000000000005,SELL,-15,0.04,0.06
2026-01-04T15:57:59.875087Z,price_change,0.49,SELL,-39,0.04,0.06
2026-01-04T15:57:59.90294Z,price_change,0.49,SELL,39,0.04,0.06
2026-01-04T15:59:12.000109Z,price_change,0.04,BUY,-10,0.04,0.06
2026-01-04T15:59:13.03663Z,price_change,0.05,BUY,13,0.05,0.06
2026-01-04T15:59:38.146405Z,price_change,0.06000000000000005,SELL,-170,0.05,0.06
2026-01-04T15:59:39.462698Z,price_change,0.49,SELL,-39,0.05,0.06
2026-01-04T15:59:39.487895Z,price_change,0.49,SELL,39,0.05,0.06
2026-01-04T15:59:57.54183Z,price_change,0.05,BUY,-13,0.04,0.06
2026-01-04T15:59:57.54183Z,price_change,0.04,BUY,13,0.04,0.06
2026-01-04T15:59:57.560499Z,price_change,0.02,BUY,-716,0.04,0.06
2026-01-04T16:00:04.558891Z,price_change,0.06000000000000005,SELL,-62,0.04,0.06
2026-01-04T16:00:07.334233Z,price_change,0.49,SELL,-39,0.04,0.06
2026-01-04T16:00:07.359017Z,price_change,0.49,SELL,39,0.04,0.06
2026-01-04T16:00:51.000961Z,price_change,0.04,BUY,-13,0.04,0.06
2026-01-04T16:00:51.032668Z,price_change,0.04,BUY,45,0.04,0.06
2026-01-04T16:01:05.263021Z,price_change,0.06000000000000005,SELL,-352,0.04,0.06
2026-01-04T16:01:08.438859Z,price_change,0.49,SELL,-39,0.04,0.06
2026-01-04T16:01:08.464044Z,price_change,0.49,SELL,39,0.04,0.06
2026-01-04T16:01:35.542578Z,price_change,0.04,BUY,-29,0.04,0.06
2026-01-04T16:02:44.310828Z,price_change,0.06000000000000005,SELL,-78,0.04,0.06
2026-01-04T16:02:44.34602Z,price_change,0.04,BUY,-16,0.04,0.06
2026-01-04T16:02:44.34602Z,price_change,0.05,BUY,11,0.05,0.06
2026-01-04T16:02:44.366502Z,price_change,0.02,BUY,554,0.05,0.06
2026-01-04T16:02:48.841314Z,price_change,0.49,SELL,-39,0.05,0.06
2026-01-04T16:02:48.88873Z,price_change,0.49,SELL,39,0.05,0.06
2026-01-04T16:02:49.34231Z,price_change,0.06000000000000005,SELL,-78,0.05,0.06
2026-01-04T16:02:55.300774Z,price_change,0.05,BUY,-11,0.04,0.06
2026-01-04T16:02:55.300774Z,price_change,0.04,BUY,11,0.04,0.06
2026-01-04T16:03:55.628554Z,price_change,0.06000000000000005,SELL,-234,0.04,0.06
2026-01-04T16:03:57.586141Z,price_change,0.06000000000000005,SELL,-156,0.04,0.06
2026-01-04T16:03:57.613034Z,price_change,0.04,BUY,-11,0.04,0.06
2026-01-04T16:03:57.613034Z,price_change,0.05,BUY,10,0.05,0.06
2026-01-04T16:04:01.001598Z,price_change,0.05,BUY,-10,0.04,0.06
2026-01-04T16:04:01.035843Z,price_change,0.02,BUY,-554,0.04,0.06
2026-01-04T16:04:01.061921Z,price_change,0.05,BUY,10,0.05,0.06
2026-01-04T16:04:01.082543Z,price_change,0.02,BUY,519,0.05,0.06
2026-01-04T16:04:05.095663Z,price_change,0.49,SELL,-39,0.05,0.06
2026-01-04T16:04:05.122809Z,price_change,0.49,SELL,39,0.05,0.06
2026-01-04T16:04:35.00368Z,price_change,0.05,BUY,-10,0.04,0.06
2026-01-04T16:04:36.054111Z,price_change,0.05,BUY,11,0.05,0.06
2026-01-04T16:04:55.322924Z,price_change,0.06000000000000005,SELL,-727,0.05,0.06
2026-01-04T16:04:55.322924Z,price_change,0.06000000000000005,SELL,-836,0.05,0.06
2026-01-04T16:05:07.762263Z,price_change,0.49,SELL,-39,0.05,0.06
2026-01-04T16:05:07.78671Z,price_change,0.49,SELL,39,0.05,0.06
2026-01-04T16:05:08.816344Z,price_change,0.05,BUY,-11,0.04,0.06
2026-01-04T16:05:08.816344Z,price_change,0.04,BUY,11,0.04,0.06
2026-01-04T16:05:08.838773Z,price_change,0.02,BUY,-519,0.04,0.06
2026-01-04T16:05:35.828751Z,price_change,0.06000000000000005,SELL,-156,0.04,0.06
2026-01-04T16:05:35.854206Z,price_change,0.04,BUY,-11,0.04,0.06
2026-01-04T16:05:35.854206Z,price_change,0.05,BUY,13,0.05,0.06
2026-01-04T16:05:35.867396Z,price_change,0.02,BUY,510,0.05,0.06
2026-01-04T16:05:47.168832Z,price_change,0.49,SELL,-39,0.05,0.06
2026-01-04T16:05:47.194879Z,price_change,0.49,SELL,39,0.05,0.06
2026-01-04T16:06:22.00167Z,price_change,0.05,BUY,-13,0.04,0.06
2026-01-04T16:06:22.019783Z,price_change,0.02,BUY,-510,0.04,0.06
2026-01-04T16:06:23.045045Z,price_change,0.05,BUY,12,0.05,0.06
2026-01-04T16:06:23.065432Z,price_change,0.02,BUY,614,0.05,0.06
2026-01-04T16:07:58.043507Z,price_change,0.06000000000000005,SELL,-234,0.05,0.06
2026-01-04T16:08:01.578278Z,price_change,0.06000000000000005,SELL,-46,0.05,0.06
2026-01-04T16:08:09.99232Z,price_change,0.49,SELL,-39,0.05,0.06
2026-01-04T16:08:10.029461Z,price_change,0.49,SELL,39,0.05,0.06
2026-01-04T16:08:29.189263Z,price_change,0.06000000000000005,SELL,-15,0.05,0.06
2026-01-04T16:08:36.991175Z,price_change,0.06000000000000005,SELL,-78,0.05,0.06
2026-01-04T16:08:38.146256Z,price_change,0.49,SELL,-39,0.05,0.06
2026-01-04T16:08:38.169023Z,price_change,0.49,SELL,39,0.05,0.06
2026-01-04T16:09:35.475036Z,price_change,0.05,BUY,3,0.05,0.06
2026-01-04T16:10:28.181876Z,price_change,0.06000000000000005,SELL,-78,0.05,0.06
2026-01-04T16:10:34.002349Z,price_change,0.05,BUY,-15,0.04,0.06
2026-01-04T16:10:34.034024Z,price_change,0.02,BUY,-614,0.04,0.06
2026-01-04T16:10:34.054282Z,price_change,0.05,BUY,10,0.05,0.06
2026-01-04T16:10:34.118778Z,price_change,0.02,BUY,542,0.05,0.06
2026-01-04T16:10:39.248734Z,price_change,0.49,SELL,-39,0.05,0.06
2026-01-04T16:10:39.276078Z,price_change,0.49,SELL,39,0.05,0.06
2026-01-04T16:13:21.866474Z,price_change,0.06000000000000005,SELL,-390,0.05,0.06
2026-01-04T16:13:23.263468Z,price_change,0.49,SELL,-39,0.05,0.06
2026-01-04T16:13:23.29106Z,price_change,0.49,SELL,39,0.05,0.06
2026-01-04T16:14:04.986246Z,price_change,0.06000000000000005,SELL,-667,0.05,0.06
2026-01-04T16:14:04.986246Z,price_change,0.06000000000000005,SELL,-52,0.05,0.06
2026-01-04T16:14:08.000187Z,price_change,0.05,BUY,-10,0.04,0.06
2026-01-04T16:14:08.023109Z,price_change,0.02,BUY,-542,0.04,0.06
2026-01-04T16:14:08.169598Z,price_change,0.05,BUY,17,0.05,0.06
2026-01-04T16:14:08.186851Z,price_change,0.02,BUY,551,0.05,0.06
2026-01-04T16:14:09.660181Z,price_change,0.49,SELL,-39,0.05,0.06
2026-01-04T16:14:09.68614Z,price_change,0.49,SELL,39,0.05,0.06
2026-01-04T16:14:56.539425Z,price_change,0.05,BUY,-6,0.05,0.06
2026-01-04T16:14:56.564564Z,price_change,0.05,BUY,-11,0.04,0.06
2026-01-04T16:14:56.564564Z,price_change,0.04,BUY,11,0.04,0.06
2026-01-04T16:14:56.588368Z,price_change,0.02,BUY,-551,0.04,0.06
2026-01-04T16:15:00.367305Z,price_change,0.06000000000000005,SELL,-31,0.04,0.06
2026-01-04T16:15:01.13711Z,price_change,0.06000000000000005,SELL,-22,0.04,0.06
2026-01-04T16:15:08.339318Z,price_change,0.49,SELL,-39,0.04,0.06
2026-01-04T16:15:08.36733Z,price_change,0.49,SELL,39,0.04,0.06
2026-01-04T16:15:09.978714Z,price_change,0.06000000000000005,SELL,-312,0.04,0.06
2026-01-04T16:15:18.753746Z,price_change,0.49,SELL,-39,0.04,0.06
2026-01-04T16:15:18.783414Z,price_change,0.49,SELL,39,0.04,0.06
2026-01-04T16:15:24.845626Z,price_change,0.04,BUY,-11,0.04,0.06
2026-01-04T16:15:24.845626Z,price_change,0.05,BUY,13,0.05,0.06
2026-01-04T16:15:24.862899Z,price_change,0.02,BUY,579,0.05,0.06
2026-01-04T16:15:45.807878Z,price_change,0.06000000000000005,SELL,-203,0.05,0.06
2026-01-04T16:15:56.683192Z,price_change,0.49,SELL,-39,0.05,0.06
2026-01-04T16:15:56.708832Z,price_change,0.49,SELL,39,0.05,0.06
2026-01-04T16:15:56.869944Z,price_change,0.05,BUY,-13,0.04,0.06
2026-01-04T16:16:22.499744Z,price_change,0.02,BUY,800,0.04,0.06
2026-01-04T16:20:28.199655Z,price_change,0.06000000000000005,SELL,-78,0.04,0.06
2026-01-04T16:20:40.917009Z,price_change,0.06000000000000005,SELL,-62,0.04,0.06
2026-01-04T16:20:52.734505Z,price_change,0.49,SELL,-39,0.04,0.06
2026-01-04T16:20:52.76088Z,price_change,0.49,SELL,39,0.04,0.06
2026-01-04T16:21:27.432718Z,price_change,0.06000000000000005,SELL,-34,0.04,0.06
2026-01-04T16:21:40.35405Z,price_change,0.49,SELL,-39,0.04,0.06
2026-01-04T16:21:40.381585Z,price_change,0.49,SELL,39,0.04,0.06
2026-01-04T16:22:14.048291Z,price_change,0.06000000000000005,SELL,-4,0.04,0.06
2026-01-04T16:22:16.336442Z,price_change,0.06000000000000005,SELL,-664,0.04,0.06
2026-01-04T16:22:16.336442Z,price_change,0.06999999999999995,SELL,-449,0.04,0.06
2026-01-04T16:22:16.469838Z,price_change,0.06000000000000005,SELL,12,0.04,0.06
2026-01-04T16:22:16.604599Z,price_change,0.06000000000000005,SELL,16,0.04,0.06
2026-01-04T16:22:28.720372Z,price_change,0.49,SELL,-39,0.04,0.06
2026-01-04T16:22:28.747438Z,price_change,0.49,SELL,39,0.04,0.06
2026-01-04T16:22:43.894728Z,price_change,0.08999999999999997,SELL,5000,0.04,0.06
2026-01-04T16:23:09.224018Z,price_change,0.06000000000000005,SELL,-12,0.04,0.06
2026-01-04T16:23:09.224018Z,price_change,0.06000000000000005,SELL,-16,0.04,0.06
2026-01-04T16:23:09.224018Z,price_change,0.06999999999999995,SELL,-2,0.04,0.06
2026-01-04T16:23:10.272328Z,price_change,0.06999999999999995,SELL,20,0.04,0.06
2026-01-04T16:23:23.606657Z,price_change,0.49,SELL,-39,0.04,0.06
2026-01-04T16:23:23.632088Z,price_change,0.49,SELL,39,0.04,0.06
2026-01-04T16:24:05.156488Z,price_change,0.06999999999999995,SELL,-26,0.04,0.06
2026-01-04T16:24:16.386286Z,price_change,0.49,SELL,-39,0.04,0.06
2026-01-04T16:24:16.414616Z,price_change,0.49,SELL,39,0.04,0.06
2026-01-04T16:26:00.246449Z,price_change,0.05,BUY,21,0.05,0.06
2026-01-04T16:26:25.707392Z,price_change,0.06999999999999995,SELL,-3,0.05,0.06
2026-01-04T16:26:41.000358Z,price_change,0.05,BUY,-21,0.04,0.06
2026-01-04T16:26:41.238508Z,price_change,0.49,SELL,-39,0.04,0.06
2026-01-04T16:26:41.265218Z,price_change,0.49,SELL,39,0.04,0.06
2026-01-04T16:26:41.265943Z,price_change,0.05,BUY,19,0.05,0.06
2026-01-04T16:27:11.126375Z,price_change,0.06999999999999995,SELL,-67,0.05,0.06
2026-01-04T16:27:28.08904Z,price_change,0.49,SELL,-39,0.05,0.06
2026-01-04T16:27:28.116684Z,price_change,0.49,SELL,39,0.05,0.06
2026-01-04T16:27:48.23532Z,price_change,0.05,BUY,-5,0.05,0.06
2026-01-04T16:28:13.359144Z,price_change,0.05,BUY,-4,0.05,0.06
2026-01-04T16:28:25.946465Z,price_change,0.05,BUY,150,0.05,0.06
,book,0.0500,BUY,178,0.0500,0.07
,book,0.07,SELL,6105,0.0500,0.07
2026-01-04T16:29:20.062661Z,price_change,0.49,SELL,-39,0.05,0.07
2026-01-04T16:29:20.088947Z,price_change,0.49,SELL,39,0.05,0.07
2026-01-04T16:29:28.000996Z,price_change,0.05,BUY,-28,0.05,0.07
2026-01-04T16:29:29.050443Z,price_change,0.05,BUY,28,0.05,0.07
2026-01-04T16:30:15.193964Z,price_change,0.05,BUY,-4,0.05,0.07
2026-01-04T16:30:17.004548Z,price_change,0.05,BUY,-24,0.05,0.07
2026-01-04T16:30:18.041025Z,price_change,0.05,BUY,23,0.05,0.07
2026-01-04T16:30:24.489869Z,price_change,0.06999999999999995,SELL,-26,0.05,0.06999999999999995
2026-01-04T16:30:39.134282Z,price_change,0.49,SELL,-39,0.05,0.06999999999999995
2026-01-04T16:30:39.160377Z,price_change,0.49,SELL,39,0.05,0.06999999999999995
2026-01-04T16:30:54.293927Z,price_change,0.06999999999999995,SELL,-134,0.05,0.07
2026-01-04T16:30:54.328128Z,price_change,0.05,BUY,4,0.05,0.07
2026-01-04T16:31:01.000515Z,price_change,0.05,BUY,-27,0.05,0.07
2026-01-04T16:31:02.037836Z,price_change,0.05,BUY,27,0.05,0.07
2026-01-04T16:31:07.049027Z,price_change,0.49,SELL,-39,0.05,0.07
2026-01-04T16:31:07.074909Z,price_change,0.49,SELL,39,0.05,0.07
2026-01-04T16:31:11.87957Z,price_change,0.06999999999999995,SELL,-60,0.05,0.06999999999999995
2026-01-04T16:31:22.903515Z,price_change,0.49,SELL,-39,0.05,0.06999999999999995
2026-01-04T16:31:22.927987Z,price_change,0.49,SELL,39,0.05,0.06999999999999995
2026-01-04T16:31:32.000992Z,price_change,0.05,BUY,-27,0.05,0.06999999999999995
2026-01-04T16:31:32.043119Z,price_change,0.05,BUY,21,0.05,0.06999999999999995
2026-01-04T16:32:12.256876Z,price_change,0.06999999999999995,SELL,-138,0.05,0.07
2026-01-04T16:32:24.352815Z,price_change,0.49,SELL,-39,0.05,0.07
2026-01-04T16:32:24.405656Z,price_change,0.49,SELL,39,0.05,0.07
2026-01-04T16:32:59.471175Z,price_change,0.05,BUY,19,0.05,0.07
2026-01-04T16:33:12.512287Z,price_change,0.05,BUY,-150,0.05,0.07
2026-01-04T16:33:32.635968Z,price_change,0.05,BUY,-9,0.05,0.07
2026-01-04T16:33:33.147306Z,price_change,0.04,BUY,-100,0.05,0.07
2026-01-04T16:34:21.457997Z,price_change,0.05,BUY,-12,0.05,0.07
2026-01-04T16:35:01.272579Z,price_change,0.05,BUY,1,0.05,0.07
2026-01-04T16:35:03.315025Z,price_change,0.05,BUY,-7,0.05,0.07
2026-01-04T16:35:05.001512Z,price_change,0.05,BUY,-12,0.05,0.07
2026-01-04T16:35:05.054533Z,price_change,0.04,BUY,12,0.05,0.07
2026-01-04T16:35:11.769709Z,price_change,0.06999999999999995,SELL,-262,0.05,0.06999999999999995
2026-01-04T16:35:24.586952Z,price_change,0.49,SELL,-39,0.05,0.06999999999999995
2026-01-04T16:35:24.612544Z,price_change,0.49,SELL,39,0.05,0.06999999999999995
2026-01-04T16:35:52.07172Z,price_change,0.04,BUY,200,0.05,0.06999999999999995
2026-01-04T16:36:57.136498Z,price_change,0.04,BUY,-12,0.05,0.06999999999999995
2026-01-04T16:36:57.136498Z,price_change,0.05,BUY,12,0.05,0.06999999999999995
2026-01-04T16:37:03.510085Z,price_change,0.06999999999999995,SELL,-20,0.05,0.07
2026-01-04T16:37:17.088083Z,price_change,0.06999999999999995,SELL,-133,0.05,0.06999999999999995
2026-01-04T16:37:32.752332Z,price_change,0.49,SELL,-39,0.05,0.06999999999999995
2026-01-04T16:37:32.777124Z,price_change,0.49,SELL,39,0.05,0.06999999999999995
2026-01-04T16:37:58.003216Z,price_change,0.05,BUY,-12,0.05,0.06999999999999995
2026-01-04T16:37:58.065502Z,price_change,0.05,BUY,14,0.05,0.06999999999999995
2026-01-04T16:38:07.234904Z,price_change,0.04,BUY,50,0.05,0.06999999999999995
2026-01-04T16:38:20.39479Z,price_change,0.06999999999999995,SELL,-13,0.05,0.07
2026-01-04T16:38:34.937237Z,price_change,0.49,SELL,-39,0.05,0.07
2026-01-04T16:38:34.963366Z,price_change,0.49,SELL,39,0.05,0.07
2026-01-04T16:38:41.765157Z,price_change,0.06999999999999995,SELL,-319,0.05,0.06999999999999995
2026-01-04T16:38:41.765157Z,price_change,0.06999999999999995,SELL,-83,0.05,0.07
2026-01-04T16:38:55.499677Z,price_change,0.49,SELL,-39,0.05,0.07
2026-01-04T16:38:55.526512Z,price_change,0.49,SELL,39,0.05,0.07
2026-01-04T16:38:56.667949Z,price_change,0.06999999999999995,SELL,-230,0.05,0.06999999999999995
2026-01-04T16:39:10.827115Z,price_change,0.49,SELL,-39,0.05,0.06999999999999995
2026-01-04T16:39:10.852666Z,price_change,0.49,SELL,39,0.05,0.06999999999999995
2026-01-04T16:39:26.046472Z,price_change,0.06999999999999995,SELL,-200,0.05,0.07
2026-01-04T16:39:39.735656Z,price_change,0.49,SELL,-39,0.05,0.07
2026-01-04T16:39:39.760693Z,price_change,0.49,SELL,39,0.05,0.07
2026-01-04T16:39:46.869838Z,price_change,0.05,BUY,-3,0.05,0.07
2026-01-04T16:39:53.90443Z,price_change,0.06999999999999995,SELL,-300,0.05,0.06999999999999995
2026-01-04T16:40:08.033071Z,price_change,0.05,BUY,-11,0.05,0.06999999999999995
2026-01-04T16:40:08.033071Z,price_change,0.04,BUY,11,0.05,0.06999999999999995
2026-01-04T16:40:08.581001Z,price_change,0.49,SELL,-39,0.05,0.06999999999999995
2026-01-04T16:40:08.606232Z,price_change,0.49,SELL,39,0.05,0.06999999999999995
2026-01-04T16:40:18.099761Z,price_change,0.05,BUY,100,0.05,0.06999999999999995
2026-01-04T16:40:54.83886Z,price_change,0.04,BUY,-11,0.05,0.06999999999999995
2026-01-04T16:41:25.598002Z,price_change,0.05,BUY,101,0.05,0.06999999999999995
2026-01-04T16:42:26.858226Z,price_change,0.06999999999999995,SELL,-13,0.05,0.07
2026-01-04T16:42:44.173655Z,price_change,0.49,SELL,-39,0.05,0.07
2026-01-04T16:42:44.200606Z,price_change,0.49,SELL,39,0.05,0.07
2026-01-04T16:42:57.3941Z,price_change,0.03,BUY,200,0.05,0.07
2026-01-04T16:43:04.079287Z,price_change,0.06999999999999995,SELL,-67,0.05,0.06999999999999995
2026-01-04T16:43:06.923061Z,price_change,0.02,BUY,300,0.05,0.06999999999999995
2026-01-04T16:43:16.065663Z,price_change,0.01,BUY,400,0.05,0.06999999999999995
2026-01-04T16:43:22.392721Z,price_change,0.06,BUY,101,0.06,0.06999999999999995
2026-01-04T16:43:22.410458Z,price_change,0.03,BUY,591,0.06,0.06999999999999995
2026-01-04T16:43:24.504545Z,price_change,0.49,SELL,-39,0.06,0.06999999999999995
2026-01-04T16:43:24.531424Z,price_change,0.49,SELL,39,0.06,0.06999999999999995
2026-01-04T16:45:23.813289Z,price_change,0.06999999999999995,SELL,-4,0.06,0.07
2026-01-04T16:45:37.965807Z,price_change,0.49,SELL,-39,0.06,0.07
2026-01-04T16:45:37.994323Z,price_change,0.49,SELL,39,0.06,0.07
2026-01-04T16:46:10.550095Z,price_change,0.06999999999999995,SELL,-67,0.06,0.06999999999999995
2026-01-04T16:46:15.545737Z,price_change,0.06,BUY,-100,0.06,0.06999999999999995
2026-01-04T16:46:26.710737Z,price_change,0.49,SELL,-39,0.06,0.06999999999999995
2026-01-04T16:46:26.737624Z,price_change,0.49,SELL,39,0.06,0.06999999999999995
2026-01-04T16:46:50.900967Z,price_change,0.06999999999999995,SELL,-26,0.06,0.07
2026-01-04T16:47:05.198175Z,price_change,0.49,SELL,-39,0.06,0.07
2026-01-04T16:47:05.225657Z,price_change,0.49,SELL,39,0.06,0.07
2026-01-04T16:48:23.311555Z,price_change,0.06999999999999995,SELL,-262,0.06,0.06999999999999995
2026-01-04T16:48:38.346918Z,price_change,0.06999999999999995,SELL,-13,0.06,0.07
2026-01-04T16:48:53.53929Z,price_change,0.49,SELL,-39,0.06,0.07
2026-01-04T16:48:53.56664Z,price_change,0.49,SELL,39,0.06,0.07
2026-01-04T16:48:55.755236Z,price_change,0.06999999999999995,SELL,-67,0.06,0.06999999999999995
2026-01-04T16:49:07.094514Z,price_change,0.06999999999999995,SELL,-13,0.06,0.07
2026-01-04T16:49:16.186597Z,price_change,0.05,BUY,203,0.06,0.07
2026-01-04T16:49:21.564674Z,price_change,0.49,SELL,-39,0.06,0.07
2026-01-04T16:49:21.586731Z,price_change,0.49,SELL,39,0.06,0.07
2026-01-04T16:49:59.817549Z,price_change,0.04,BUY,180,0.06,0.07
2026-01-04T16:50:33.455446Z,price_change,0.06999999999999995,SELL,-1155,0.06,0.06999999999999995
2026-01-04T16:50:33.455446Z,price_change,0.06999999999999995,SELL,-1527,0.06,0.07
2026-01-04T16:50:41.300874Z,price_change,0.06999999999999995,SELL,-13,0.06,0.06999999999999995
2026-01-04T16:50:41.61184Z,price_change,0.06999999999999995,SELL,-657,0.06,0.07
2026-01-04T16:50:46.796073Z,price_change,0.49,SELL,-39,0.06,0.07
2026-01-04T16:50:46.821581Z,price_change,0.49,SELL,39,0.06,0.07
2026-01-04T16:50:56.637103Z,price_change,0.06999999999999995,SELL,-303,0.06,0.06999999999999995
2026-01-04T16:50:58.032252Z,price_change,0.05,BUY,29,0.06,0.06999999999999995
2026-01-04T16:50:59.06313Z,price_change,0.06999999999999995,SELL,806,0.06,0.06999999999999995
2026-01-04T16:50:59.074431Z,price_change,0.06,BUY,-1,0.05,0.06999999999999995
2026-01-04T16:50:59.096198Z,price_change,0.03,BUY,-591,0.05,0.06999999999999995
2026-01-04T16:50:59.102443Z,price_change,0.06999999999999995,SELL,100,0.05,0.06999999999999995
2026-01-04T16:51:08.278729Z,price_change,0.06000000000000005,SELL,1000,0.05,0.06000000000000005
2026-01-04T16:51:08.308676Z,price_change,0.06999999999999995,SELL,-806,0.05,0.06000000000000005
2026-01-04T16:51:11.950909Z,price_change,0.49,SELL,-39,0.05,0.06000000000000005
2026-01-04T16:51:11.975922Z,price_change,0.49,SELL,39,0.05,0.06000000000000005
2026-01-04T16:51:20.142448Z,price_change,0.06000000000000005,SELL,1000,0.05,0.06000000000000005
2026-01-04T16:51:28.000009Z,price_change,0.05,BUY,-29,0.05,0.06000000000000005
2026-01-04T16:51:28.037515Z,price_change,0.05,BUY,29,0.05,0.06000000000000005
2026-01-04T16:51:33.390418Z,price_change,0.06999999999999995,SELL,-100,0.05,0.06000000000000005
2026-01-04T16:51:44.449854Z,price_change,0.05,BUY,-3,0.05,0.06000000000000005
2026-01-04T16:51:58.003527Z,price_change,0.05,BUY,-26,0.05,0.06000000000000005
2026-01-04T16:51:58.039344Z,price_change,0.05,BUY,24,0.05,0.06000000000000005
2026-01-04T16:52:28.000226Z,price_change,0.05,BUY,-24,0.05,0.06000000000000005
2026-01-04T16:52:29.029161Z,price_change,0.05,BUY,35,0.05,0.06000000000000005
2026-01-04T16:52:29.780082Z,price_change,0.06999999999999995,SELL,100,0.05,0.06000000000000005
2026-01-04T16:52:30.756675Z,price_change,0.06000000000000005,SELL,-15,0.05,0.06000000000000005
2026-01-04T16:52:46.764133Z,price_change,0.49,SELL,-39,0.05,0.06000000000000005
2026-01-04T16:52:46.789375Z,price_change,0.49,SELL,39,0.05,0.06000000000000005
2026-01-04T16:53:19.508056Z,price_change,0.06000000000000005,SELL,-985,0.05,0.06000000000000005
2026-01-04T16:53:19.508056Z,price_change,0.06999999999999995,SELL,985,0.05,0.06000000000000005
2026-01-04T16:53:31.778992Z,price_change,0.06999999999999995,SELL,-985,0.05,0.06000000000000005
2026-01-04T16:53:31.778992Z,price_change,0.06000000000000005,SELL,985,0.05,0.06000000000000005
2026-01-04T16:53:32.293674Z,price_change,0.06000000000000005,SELL,-31,0.05,0.06000000000000005
2026-01-04T16:53:33.325611Z,price_change,0.05,BUY,4,0.05,0.06000000000000005
2026-01-04T16:53:36.003073Z,price_change,0.05,BUY,-39,0.05,0.06000000000000005
2026-01-04T16:53:36.036254Z,price_change,0.05,BUY,39,0.05,0.06000000000000005
2026-01-04T16:53:42.257263Z,price_change,0.06000000000000005,SELL,-969,0.05,0.06000000000000005
2026-01-04T16:53:42.257263Z,price_change,0.06999999999999995,SELL,969,0.05,0.06000000000000005
2026-01-04T16:53:48.686237Z,price_change,0.49,SELL,-39,0.05,0.06000000000000005
2026-01-04T16:53:48.711802Z,price_change,0.49,SELL,39,0.05,0.06000000000000005
2026-01-04T16:54:00.000575Z,price_change,0.01,BUY,-388902,0.05,0.06000000000000005
2026-01-04T16:54:00.000575Z,price_change,0.35,SELL,-312,0.05,0.06000000000000005
2026-01-04T16:54:00.000575Z,price_change,0.31999999999999995,SELL,-64,0.05,0.06000000000000005
2026-01-04T16:54:00.000575Z,price_change,0.43999999999999995,SELL,-1096,0.05,0.06000000000000005
2026-01-04T16:54:00.000575Z,price_change,0.38,SELL,-752,0.05,0.06000000000000005
2026-01-04T16:54:00.000575Z,price_change,0.41000000000000003,SELL,-1095,0.05,0.06000000000000005
2026-01-04T16:54:06.000313Z,price_change,0.05,BUY,-39,0.05,0.06000000000000005
2026-01-04T16:54:06.481314Z,price_change,0.05,BUY,25,0.05,0.06000000000000005
2026-01-04T16:54:29.735257Z,price_change,0.06000000000000005,SELL,-31,0.05,0.06000000000000005
2026-01-04T16:54:44.189747Z,price_change,0.49,SELL,-39,0.05,0.06000000000000005
2026-01-04T16:54:44.211672Z,price_change,0.44999999999999996,SELL,36,0.05,0.06000000000000005
2026-01-04T16:54:50.632018Z,price_change,0.06000000000000005,SELL,-100,0.05,0.06000000000000005
2026-01-04T16:54:58.669616Z,price_change,0.05,BUY,9,0.05,0.06000000000000005
2026-01-04T16:55:04.989408Z,price_change,0.44999999999999996,SELL,-36,0.05,0.06000000000000005
2026-01-04T16:55:05.024221Z,price_change,0.44999999999999996,SELL,36,0.05,0.06000000000000005
2026-01-04T16:55:20.437518Z,price_change,0.06000000000000005,SELL,-545,0.05,0.06000000000000005
2026-01-04T16:55:28.652353Z,price_change,0.06000000000000005,SELL,-46,0.05,0.06000000000000005
2026-01-04T16:55:34.180313Z,price_change,0.44999999999999996,SELL,-36,0.05,0.06000000000000005
2026-01-04T16:55:34.221581Z,price_change,0.44999999999999996,SELL,36,0.05,0.06000000000000005
2026-01-04T16:55:59.503805Z,price_change,0.06000000000000005,SELL,-156,0.05,0.06000000000000005
2026-01-04T16:56:02.566408Z,price_change,0.06000000000000005,SELL,-15,0.05,0.06000000000000005
2026-01-04T16:56:08.597158Z,price_change,0.05,BUY,2,0.05,0.06000000000000005
2026-01-04T16:56:16.514658Z,price_change,0.44999999999999996,SELL,-36,0.05,0.06000000000000005
2026-01-04T16:56:16.538809Z,price_change,0.44999999999999996,SELL,36,0.05,0.06000000000000005
2026-01-04T16:56:19.979305Z,price_change,0.06000000000000005,SELL,-78,0.05,0.06000000000000005
2026-01-04T16:56:20.008607Z,price_change,0.05,BUY,-12,0.05,0.06000000000000005
2026-01-04T16:56:29.002393Z,price_change,0.05,BUY,-24,0.05,0.06000000000000005
2026-01-04T16:56:30.037473Z,price_change,0.05,BUY,28,0.05,0.06000000000000005
2026-01-04T16:56:37.148509Z,price_change,0.44999999999999996,SELL,-36,0.05,0.06000000000000005
2026-01-04T16:56:37.174883Z,price_change,0.44999999999999996,SELL,36,0.05,0.06000000000000005
2026-01-04T16:57:00.041327Z,price_change,0.06000000000000005,SELL,-14,0.05,0.06999999999999995
2026-01-04T16:57:00.041327Z,price_change,0.06999999999999995,SELL,-54,0.05,0.06999999999999995
2026-01-04T16:57:07.000568Z,price_change,0.05,BUY,-28,0.05,0.06999999999999995
2026-01-04T16:57:08.057087Z,price_change,0.05,BUY,37,0.05,0.06999999999999995
2026-01-04T16:57:17.602328Z,price_change,0.44999999999999996,SELL,-36,0.05,0.06999999999999995
2026-01-04T16:57:17.628734Z,price_change,0.44999999999999996,SELL,36,0.05,0.06999999999999995
2026-01-04T16:57:19.972823Z,price_change,0.06999999999999995,SELL,-46,0.05,0.06999999999999995
2026-01-04T16:57:19.972823Z,price_change,0.06999999999999995,SELL,-21,0.05,0.06999999999999995
2026-01-04T16:57:23.709773Z,price_change,0.06999999999999995,SELL,-26,0.05,0.06999999999999995
2026-01-04T16:57:36.37524Z,price_change,0.44999999999999996,SELL,-36,0.05,0.06999999999999995
2026-01-04T16:57:36.403581Z,price_change,0.44999999999999996,SELL,36,0.05,0.06999999999999995
2026-01-04T16:58:05.799389Z,price_change,0.06999999999999995,SELL,-10,0.05,0.06999999999999995
2026-01-04T16:58:09.003002Z,price_change,0.05,BUY,-37,0.05,0.06999999999999995
2026-01-04T16:58:10.030633Z,price_change,0.05,BUY,31,0.05,0.06999999999999995
2026-01-04T16:58:20.629853Z,price_change,0.01,BUY,99,0.05,0.06999999999999995
2026-01-04T16:58:20.683253Z,price_change,0.02,BUY,99,0.05,0.06999999999999995
2026-01-04T16:58:20.726204Z,price_change,0.03,BUY,99,0.05,0.06999999999999995
2026-01-04T16:58:20.772555Z,price_change,0.05,BUY,99,0.05,0.06999999999999995
2026-01-04T16:58:22.087212Z,price_change,0.44999999999999996,SELL,-36,0.05,0.06999999999999995
2026-01-04T16:58:22.113237Z,price_change,0.44999999999999996,SELL,36,0.05,0.06999999999999995
2026-01-04T16:58:39.470409Z,price_change,0.06999999999999995,SELL,-40,0.05,0.06999999999999995
2026-01-04T16:58:48.684192Z,price_change,0.26,SELL,300,0.05,0.06999999999999995
2026-01-04T16:58:52.742122Z,price_change,0.05,BUY,8,0.05,0.06999999999999995
2026-01-04T16:58:53.91247Z,price_change,0.06999999999999995,SELL,100,0.05,0.06999999999999995
2026-01-04T16:58:54.557213Z,price_change,0.44999999999999996,SELL,-36,0.05,0.06999999999999995
2026-01-04T16:58:54.585112Z,price_change,0.44999999999999996,SELL,36,0.05,0.06999999999999995
2026-01-04T16:58:55.039337Z,price_change,0.05,BUY,25,0.05,0.06999999999999995
2026-01-04T16:58:57.107591Z,price_change,0.05,BUY,100,0.05,0.06999999999999995
2026-01-04T16:58:59.37141Z,price_change,0.06999999999999995,SELL,-670,0.05,0.06999999999999995
2026-01-04T16:58:59.396572Z,price_change,0.06999999999999995,SELL,100,0.05,0.06999999999999995
2026-01-04T16:59:09.496194Z,price_change,0.06999999999999995,SELL,-13,0.05,0.06999999999999995
2026-01-04T16:59:19.646585Z,price_change,0.06999999999999995,SELL,-26,0.05,0.06999999999999995
2026-01-04T16:59:25.66705Z,price_change,0.06999999999999995,SELL,-163,0.05,0.06999999999999995
2026-01-04T16:59:25.66705Z,price_change,0.06999999999999995,SELL,-100,0.05,0.07
2026-01-04T16:59:25.66705Z,price_change,0.06999999999999995,SELL,-72,0.05,0.06999999999999995
2026-01-04T16:59:26.610683Z,price_change,0.43999999999999995,SELL,100,0.05,0.06999999999999995
2026-01-04T16:59:26.718114Z,price_change,0.06999999999999995,SELL,100,0.05,0.06999999999999995
2026-01-04T16:59:30.002024Z,price_change,0.03,BUY,-26,0.05,0.06999999999999995
2026-01-04T16:59:30.002024Z,price_change,0.07999999999999996,SELL,-14,0.05,0.06999999999999995
2026-01-04T16:59:30.002024Z,price_change,0.05,BUY,-1,0.05,0.06999999999999995
2026-01-04T16:59:30.002024Z,price_change,0.04,BUY,-25,0.05,0.06999999999999995
2026-01-04T16:59:43.025621Z,price_change,0.44999999999999996,SELL,-36,0.05,0.06999999999999995
2026-01-04T16:59:43.050755Z,price_change,0.44999999999999996,SELL,36,0.05,0.06999999999999995
2026-01-04T16:59:45.834646Z,price_change,0.06999999999999995,SELL,-28,0.05,0.07
2026-01-04T16:59:45.834646Z,price_change,0.06999999999999995,SELL,-100,0.05,0.06999999999999995
2026-01-04T16:59:45.834646Z,price_change,0.07999999999999996,SELL,-5,0.05,0.06999999999999995
2026-01-04T16:59:45.859642Z,price_change,0.06999999999999995,SELL,589,0.05,0.06999999999999995
2026-01-04T16:59:45.883993Z,price_change,0.06999999999999995,SELL,-127,0.05,0.06999999999999995
2026-01-04T16:59:46.887169Z,price_change,0.06999999999999995,SELL,100,0.05,0.06999999999999995
2026-01-04T16:59:49.001227Z,price_change,0.05,BUY,-39,0.05,0.06999999999999995
2026-01-04T16:59:49.03636Z,price_change,0.05,BUY,38,0.05,0.06999999999999995
2026-01-04T16:59:58.678062Z,price_change,0.06999999999999995,SELL,-107,0.05,0.06999999999999995
2026-01-04T16:59:58.697534Z,price_change,0.06999999999999995,SELL,-355,0.05,0.07
2026-01-04T16:59:58.723914Z,price_change,0.06999999999999995,SELL,100,0.05,0.06999999999999995
2026-01-04T16:59:58.724049Z,price_change,0.06999999999999995,SELL,-20,0.05,0.06999999999999995
2026-01-04T16:59:58.737147Z,price_change,0.05,BUY,2,0.05,0.06999999999999995
2026-01-04T16:59:59.00561Z,price_change,0.01,BUY,-613,0.05,0.06999999999999995
2026-01-04T16:59:59.00561Z,price_change,0.45999999999999996,SELL,-614,0.05,0.06999999999999995
2026-01-04T17:00:00.007781Z,price_change,0.01,BUY,-20,0.05,0.06999999999999995
2026-01-04T17:00:00.007781Z,price_change,0.09999999999999998,SELL,-2000,0.05,0.06999999999999995
2026-01-04T17:00:00.007781Z,price_change,0.15000000000000002,SELL,-3000,0.05,0.06999999999999995
2026-01-04T17:00:00.007781Z,price_change,0.02,BUY,-800,0.05,0.06999999999999995
2026-01-04T17:00:00.007781Z,price_change,0.08999999999999997,SELL,-2500,0.05,0.06999999999999995
2026-01-04T17:00:00.007781Z,price_change,0.07999999999999996,SELL,-2021,0.05,0.06999999999999995
2026-01-04T17:00:00.007781Z,price_change,0.04,BUY,-200,0.05,0.06999999999999995
2026-01-04T17:00:00.007781Z,price_change,0.08999999999999997,SELL,-763,0.05,0.06999999999999995
2026-01-04T17:00:00.007781Z,price_change,0.19999999999999996,SELL,-7500,0.05,0.06999999999999995
2026-01-04T17:00:00.335745Z,price_change,0.06000000000000005,SELL,1,0.05,0.06000000000000005
2026-01-04T17:00:00.361907Z,price_change,0.01,BUY,611,0.05,0.06000000000000005
2026-01-04T17:00:00.685735Z,price_change,0.06000000000000005,SELL,1,0.05,0.06000000000000005
2026-01-04T17:00:00.951796Z,price_change,0.06000000000000005,SELL,-1,0.05,0.06000000000000005
2026-01-04T17:00:00.951796Z,price_change,0.06000000000000005,SELL,-1,0.05,0.06999999999999995
2026-01-04T17:00:00.951796Z,price_change,0.06999999999999995,SELL,-65,0.05,0.06999999999999995
2026-01-04T17:00:01.050146Z,price_change,0.06999999999999995,SELL,1,0.05,0.06999999999999995
2026-01-04T17:00:01.47185Z,price_change,0.06999999999999995,SELL,1,0.05,0.06999999999999995
2026-01-04T17:00:07.331315Z,price_change,0.06999999999999995,SELL,-15,0.05,0.06999999999999995
2026-01-04T17:00:07.331315Z,price_change,0.06999999999999995,SELL,-100,0.05,0.07
2026-01-04T17:00:07.331315Z,price_change,0.06999999999999995,SELL,-1,0.05,0.06999999999999995
2026-01-04T17:00:07.331315Z,price_change,0.06999999999999995,SELL,-1,0.05,0.07
2026-01-04T17:00:07.331315Z,price_change,0.07999999999999996,SELL,-14,0.05,0.07
2026-01-04T17:00:07.368922Z,price_change,0.06999999999999995,SELL,290,0.05,0.06999999999999995
2026-01-04T17:00:07.412236Z,price_change,0.06999999999999995,SELL,463,0.05,0.06999999999999995
2026-01-04T17:00:07.476306Z,price_change,0.06000000000000005,SELL,1,0.05,0.06000000000000005
2026-01-04T17:00:07.520504Z,price_change,0.06000000000000005,SELL,1,0.05,0.06000000000000005
2026-01-04T17:00:07.530679Z,price_change,0.06999999999999995,SELL,-753,0.05,0.06000000000000005
2026-01-04T17:00:07.596687Z,price_change,0.06000000000000005,SELL,-1,0.05,0.06000000000000005
2026-01-04T17:00:07.596687Z,price_change,0.06999999999999995,SELL,1,0.05,0.06000000000000005
2026-01-04T17:00:07.613444Z,price_change,0.06000000000000005,SELL,-1,0.05,0.06999999999999995
2026-01-04T17:00:07.613444Z,price_change,0.06999999999999995,SELL,1,0.05,0.06999999999999995
2026-01-04T17:00:07.858246Z,price_change,0.06,BUY,150,0.06,0.06999999999999995
2026-01-04T17:00:07.883927Z,price_change,0.06,BUY,-150,0.05,0.06999999999999995
2026-01-04T17:00:07.895517Z,price_change,0.03,BUY,563,0.05,0.06999999999999995
2026-01-04T17:00:08.381412Z,price_change,0.06999999999999995,SELL,10,0.05,0.06999999999999995
2026-01-04T17:00:08.444466Z,price_change,0.06999999999999995,SELL,32,0.05,0.06999999999999995
2026-01-04T17:00:08.512493Z,price_change,0.06999999999999995,SELL,33,0.05,0.06999999999999995
2026-01-04T17:00:08.520719Z,price_change,0.06999999999999995,SELL,-32,0.05,0.06999999999999995
2026-01-04T17:00:08.61658Z,price_change,0.06999999999999995,SELL,41,0.05,0.06999999999999995
2026-01-04T17:00:09.026867Z,price_change,0.06999999999999995,SELL,41,0.05,0.06999999999999995
2026-01-04T17:00:09.061512Z,price_change,0.06999999999999995,SELL,-41,0.05,0.06999999999999995
2026-01-04T17:00:09.367976Z,price_change,0.06999999999999995,SELL,-41,0.05,0.06999999999999995
2026-01-04T17:00:09.887447Z,price_change,0.06999999999999995,SELL,33,0.05,0.06999999999999995
2026-01-04T17:00:09.899367Z,price_change,0.04,BUY,250,0.05,0.06999999999999995
2026-01-04T17:00:09.97108Z,price_change,0.06999999999999995,SELL,-33,0.05,0.06999999999999995
2026-01-04T17:00:10.002978Z,price_change,0.07999999999999996,SELL,1000,0.05,0.06999999999999995
2026-01-04T17:00:15.008313Z,price_change,0.03,BUY,-500,0.05,0.06999999999999995
2026-01-04T17:00:16.539095Z,price_change,0.44999999999999996,SELL,-36,0.05,0.06999999999999995
2026-01-04T17:00:16.567445Z,price_change,0.45999999999999996,SELL,37,0.05,0.06999999999999995
2026-01-04T17:00:18.010526Z,price_change,0.04,BUY,-100,0.05,0.06999999999999995
2026-01-04T17:00:18.988128Z,price_change,0.06999999999999995,SELL,42,0.05,0.06999999999999995
2026-01-04T17:00:19.89397Z,price_change,0.06999999999999995,SELL,33,0.05,0.06999999999999995
2026-01-04T17:00:19.924551Z,price_change,0.06999999999999995,SELL,-33,0.05,0.06999999999999995
2026-01-04T17:00:20.000137Z,price_change,0.02,BUY,-500,0.05,0.06999999999999995
2026-01-04T17:00:28.001536Z,price_change,0.01,BUY,-1000,0.05,0.06999999999999995
2026-01-04T17:00:29.095413Z,price_change,0.06999999999999995,SELL,42,0.05,0.06999999999999995
2026-01-04T17:00:29.126036Z,price_change,0.06999999999999995,SELL,-42,0.05,0.06999999999999995
2026-01-04T17:00:29.898721Z,price_change,0.06999999999999995,SELL,33,0.05,0.06999999999999995
2026-01-04T17:00:29.905141Z,price_change,0.06999999999999995,SELL,-33,0.05,0.06999999999999995
2026-01-04T17:00:33.000289Z,price_change,0.01,BUY,-500,0.05,0.06999999999999995
2026-01-04T17:00:37.00016Z,price_change,0.09999999999999998,SELL,-900,0.05,0.06999999999999995
2026-01-04T17:00:39.231862Z,price_change,0.06999999999999995,SELL,42,0.05,0.06999999999999995
2026-01-04T17:00:39.2653Z,price_change,0.06999999999999995,SELL,-42,0.05,0.06999999999999995
2026-01-04T17:00:39.897732Z,price_change,0.06999999999999995,SELL,33,0.05,0.06999999999999995
2026-01-04T17:00:39.907189Z,price_change,0.06999999999999995,SELL,-33,0.05,0.06999999999999995
2026-01-04T17:00:43.001312Z,price_change,0.02,BUY,-150,0.05,0.06999999999999995
2026-01-04T17:00:46.000427Z,price_change,0.04,BUY,-200,0.05,0.06999999999999995
2026-01-04T17:00:49.091749Z,price_change,0.06999999999999995,SELL,42,0.05,0.06999999999999995
2026-01-04T17:00:49.127666Z,price_change,0.06999999999999995,SELL,-42,0.05,0.06999999999999995
2026-01-04T17:00:49.894347Z,price_change,0.06999999999999995,SELL,33,0.05,0.06999999999999995
2026-01-04T17:00:49.919185Z,price_change,0.06999999999999995,SELL,-33,0.05,0.06999999999999995
2026-01-04T17:00:53.484336Z,price_change,0.06999999999999995,SELL,-1,0.05,0.06999999999999995
2026-01-04T17:00:53.484336Z,price_change,0.06999999999999995,SELL,-1,0.05,0.06999999999999995
2026-01-04T17:00:53.484336Z,price_change,0.06999999999999995,SELL,-5,0.05,0.06999999999999995
2026-01-04T17:00:57.001097Z,price_change,0.01,BUY,-1500,0.05,0.06999999999999995
2026-01-04T17:00:57.072349Z,price_change,0.06999999999999995,SELL,17,0.05,0.06999999999999995
2026-01-04T17:00:57.302089Z,price_change,0.06999999999999995,SELL,8,0.05,0.06999999999999995
2026-01-04T17:00:58.001981Z,price_change,0.04,BUY,-50,0.05,0.06999999999999995
2026-01-04T17:00:58.039776Z,price_change,0.05,BUY,-13,0.05,0.06999999999999995
2026-01-04T17:00:58.417492Z,price_change,0.06999999999999995,SELL,-5,0.05,0.06999999999999995
2026-01-04T17:00:58.417492Z,price_change,0.06999999999999995,SELL,-21,0.05,0.06999999999999995
2026-01-04T17:00:59.057008Z,price_change,0.06999999999999995,SELL,29,0.05,0.06999999999999995
2026-01-04T17:00:59.080464Z,price_change,0.06999999999999995,SELL,-21,0.05,0.06999999999999995
2026-01-04T17:00:59.080464Z,price_change,0.06999999999999995,SELL,-33,0.05,0.06999999999999995
2026-01-04T17:00:59.080464Z,price_change,0.06999999999999995,SELL,-13,0.05,0.06999999999999995
2026-01-04T17:00:59.093552Z,price_change,0.06999999999999995,SELL,-8,0.05,0.06999999999999995
2026-01-04T17:00:59.145335Z,price_change,0.06999999999999995,SELL,7,0.05,0.06999999999999995
2026-01-04T17:00:59.979518Z,price_change,0.06999999999999995,SELL,7,0.05,0.06999999999999995
2026-01-04T17:01:00.086561Z,price_change,0.06999999999999995,SELL,-7,0.05,0.06999999999999995
2026-01-04T17:01:00.516442Z,price_change,0.06999999999999995,SELL,46,0.05,0.06999999999999995
2026-01-04T17:01:00.558746Z,price_change,0.06999999999999995,SELL,-7,0.05,0.06999999999999995
2026-01-04T17:01:04.805362Z,price_change,0.06999999999999995,SELL,-4,0.05,0.06999999999999995
2026-01-04T17:01:04.805362Z,price_change,0.06999999999999995,SELL,-29,0.05,0.06999999999999995
2026-01-04T17:01:04.805362Z,price_change,0.06999999999999995,SELL,-46,0.05,0.07
2026-01-04T17:01:04.805362Z,price_change,0.07999999999999996,SELL,-16,0.05,0.07
2026-01-04T17:01:04.805362Z,price_change,0.07999999999999996,SELL,-32,0.05,0.07
2026-01-04T17:01:04.83135Z,price_change,0.06999999999999995,SELL,15,0.05,0.06999999999999995
2026-01-04T17:01:04.865114Z,price_change,0.06999999999999995,SELL,581,0.05,0.06999999999999995
2026-01-04T17:01:04.873094Z,price_change,0.06999999999999995,SELL,1,0.05,0.06999999999999995
2026-01-04T17:01:04.924075Z,price_change,0.06999999999999995,SELL,-1,0.05,0.06999999999999995
2026-01-04T17:01:04.924075Z,price_change,0.06000000000000005,SELL,1,0.05,0.06000000000000005
2026-01-04T17:01:04.95018Z,price_change,0.06999999999999995,SELL,-596,0.05,0.06000000000000005
2026-01-04T17:01:05.013285Z,price_change,0.06000000000000005,SELL,-1,0.05,0.07
2026-01-04T17:01:05.013285Z,price_change,0.06999999999999995,SELL,1,0.05,0.06999999999999995
2026-01-04T17:01:05.076844Z,price_change,0.06999999999999995,SELL,39,0.05,0.06999999999999995
2026-01-04T17:01:05.23077Z,price_change,0.06000000000000005,SELL,50,0.05,0.06000000000000005
2026-01-04T17:01:05.975444Z,price_change,0.06000000000000005,SELL,-13,0.05,0.06000000000000005
2026-01-04T17:01:09.058282Z,price_change,0.06000000000000005,SELL,-37,0.05,0.06999999999999995
2026-01-04T17:01:09.058282Z,price_change,0.06999999999999995,SELL,50,0.05,0.06999999999999995
2026-01-04T17:01:09.919267Z,price_change,0.06999999999999995,SELL,39,0.05,0.06999999999999995
2026-01-04T17:01:09.928209Z,price_change,0.06999999999999995,SELL,-39,0.05,0.06999999999999995
2026-01-04T17:01:11.403979Z,price_change,0.06999999999999995,SELL,-1,0.05,0.06999999999999995
2026-01-04T17:01:11.403979Z,price_change,0.06999999999999995,SELL,-50,0.05,0.06999999999999995
2026-01-04T17:01:11.403979Z,price_change,0.06999999999999995,SELL,-39,0.05,0.07
2026-01-04T17:01:11.403979Z,price_change,0.07999999999999996,SELL,-38,0.05,0.07
2026-01-04T17:01:11.429548Z,price_change,0.06999999999999995,SELL,15,0.05,0.06999999999999995
2026-01-04T17:01:11.456545Z,price_change,0.06999999999999995,SELL,581,0.05,0.06999999999999995
2026-01-04T17:01:11.784661Z,price_change,0.06999999999999995,SELL,37,0.05,0.06999999999999995
2026-01-04T17:01:12.328171Z,price_change,0.06999999999999995,SELL,-37,0.05,0.06999999999999995
2026-01-04T17:01:12.328171Z,price_change,0.06000000000000005,SELL,37,0.05,0.06000000000000005
2026-01-04T17:01:12.353231Z,price_change,0.06999999999999995,SELL,-596,0.05,0.06000000000000005
2026-01-04T17:01:12.43463Z,price_change,0.06000000000000005,SELL,41,0.05,0.06000000000000005
2026-01-04T17:01:12.688797Z,price_change,0.06000000000000005,SELL,13,0.05,0.06000000000000005
2026-01-04T17:01:12.786029Z,price_change,0.06000000000000005,SELL,-37,0.05,0.06000000000000005
2026-01-04T17:01:12.786029Z,price_change,0.06999999999999995,SELL,50,0.05,0.06000000000000005
2026-01-04T17:01:16.202186Z,price_change,0.19999999999999996,SELL,127,0.05,0.06000000000000005
2026-01-04T17:01:19.094894Z,price_change,0.06000000000000005,SELL,-13,0.05,0.06000000000000005
2026-01-04T17:01:19.908001Z,price_change,0.06000000000000005,SELL,-41,0.05,0.06999999999999995
2026-01-04T17:01:19.908001Z,price_change,0.06999999999999995,SELL,41,0.05,0.06999999999999995
2026-01-04T17:01:20.283118Z,price_change,0.45999999999999996,SELL,-37,0.05,0.06999999999999995
2026-01-04T17:01:20.310156Z,price_change,0.45999999999999996,SELL,37,0.05,0.06999999999999995
2026-01-04T17:01:23.17886Z,price_change,0.05,BUY,100,0.05,0.06999999999999995
2026-01-04T17:01:30.364504Z,price_change,0.03,BUY,-563,0.05,0.06999999999999995
2026-01-04T17:01:30.365821Z,price_change,0.02,BUY,-579,0.05,0.06999999999999995
2026-01-04T17:01:30.367107Z,price_change,0.01,BUY,-611,0.05,0.06999999999999995
2026-01-04T17:01:31.213745Z,price_change,0.06,BUY,50,0.06,0.06999999999999995
2026-01-04T17:01:31.235056Z,price_change,0.06,BUY,-15,0.06,0.06999999999999995
2026-01-04T17:01:37.824361Z,price_change,0.01,BUY,582,0.06,0.06999999999999995
2026-01-04T17:01:37.827761Z,price_change,0.02,BUY,644,0.06,0.06999999999999995
2026-01-04T17:01:37.829315Z,price_change,0.03,BUY,561,0.06,0.06999999999999995
2026-01-04T17:01:38.029227Z,price_change,0.06999999999999995,SELL,-41,0.06,0.06999999999999995
2026-01-04T17:01:38.029227Z,price_change,0.07999999999999996,SELL,41,0.06,0.06999999999999995
2026-01-04T17:01:38.234371Z,price_change,0.06999999999999995,SELL,-50,0.06,0.07
2026-01-04T17:01:38.234371Z,price_change,0.07999999999999996,SELL,50,0.06,0.07
2026-01-04T17:01:38.255176Z,price_change,0.04,BUY,-250,0.06,0.07
2026-01-04T17:01:38.269716Z,price_change,0.05,BUY,250,0.06,0.07
2026-01-04T17:01:46.001614Z,price_change,0.05,BUY,-27,0.06,0.07
2026-01-04T17:01:46.044596Z,price_change,0.06,BUY,24,0.06,0.07
2026-01-04T17:01:47.574716Z,price_change,0.45999999999999996,SELL,-37,0.06,0.07
2026-01-04T17:01:47.600868Z,price_change,0.45999999999999996,SELL,37,0.06,0.07
2026-01-04T17:02:10.116512Z,price_change,0.07999999999999996,SELL,-1000,0.06,0.07
2026-01-04T17:02:10.356691Z,price_change,0.07999999999999996,SELL,-41,0.06,0.07
2026-01-04T17:02:10.474458Z,price_change,0.07999999999999996,SELL,-37,0.06,0.07
2026-01-04T17:02:10.875715Z,price_change,0.05,BUY,-250,0.06,0.07
2026-01-04T17:02:20.464759Z,price_change,0.07999999999999996,SELL,-105,0.06,0.07
2026-01-04T17:02:34.289618Z,price_change,0.07999999999999996,SELL,-45,0.06,0.07
2026-01-04T17:02:39.425564Z,price_change,0.07999999999999996,SELL,1000,0.06,0.07
2026-01-04T17:02:40.452323Z,price_change,0.06,BUY,-1,0.06,0.07
2026-01-04T17:02:40.921746Z,price_change,0.07999999999999996,SELL,-1000,0.06,0.07
2026-01-04T17:02:43.600044Z,price_change,0.08999999999999997,SELL,-5000,0.06,0.07
2026-01-04T17:02:43.600044Z,price_change,0.10999999999999999,SELL,5000,0.06,0.07
2026-01-04T17:02:43.605302Z,price_change,0.07999999999999996,SELL,-2500,0.06,0.07
2026-01-04T17:02:43.605302Z,price_change,0.09999999999999998,SELL,2500,0.06,0.07
2026-01-04T17:02:43.625625Z,price_change,0.08999999999999997,SELL,100,0.06,0.07
2026-01-04T17:02:43.691715Z,price_change,0.07999999999999996,SELL,-2280,0.06,0.07
2026-01-04T17:02:43.691715Z,price_change,0.09999999999999998,SELL,2280,0.06,0.07
2026-01-04T17:02:52.43657Z,price_change,0.45999999999999996,SELL,-37,0.06,0.07
2026-01-04T17:02:52.46411Z,price_change,0.45999999999999996,SELL,37,0.06,0.07
2026-01-04T17:02:58.472322Z,price_change,0.05,BUY,250,0.06,0.07
2026-01-04T17:02:58.541653Z,price_change,0.07999999999999996,SELL,-13,0.06,0.07
2026-01-04T17:02:58.763718Z,price_change,0.07999999999999996,SELL,46,0.06,0.07
2026-01-04T17:03:01.002324Z,price_change,0.06,BUY,-23,0.06,0.07
2026-01-04T17:03:02.04093Z,price_change,0.06,BUY,25,0.06,0.07
2026-01-04T17:03:10.387822Z,price_change,0.07999999999999996,SELL,-46,0.06,0.07
2026-01-04T17:03:10.387822Z,price_change,0.08999999999999997,SELL,-11,0.06,0.07
2026-01-04T17:03:10.440458Z,price_change,0.06,BUY,-4,0.06,0.07
2026-01-04T17:03:11.411634Z,price_change,0.08999999999999997,SELL,100,0.06,0.07
2026-01-04T17:03:11.575354Z,price_change,0.07999999999999996,SELL,28,0.06,0.07
2026-01-04T17:03:11.625991Z,price_change,0.12,SELL,50,0.06,0.07
2026-01-04T17:03:13.365819Z,price_change,0.08999999999999997,SELL,1000,0.06,0.07
2026-01-04T17:03:20.847741Z,price_change,0.07999999999999996,SELL,-28,0.06,0.07
2026-01-04T17:03:20.847741Z,price_change,0.08,BUY,72,0.08,0.07
2026-01-04T17:03:20.867297Z,price_change,0.03,BUY,-561,0.08,0.07
2026-01-04T17:03:20.868372Z,price_change,0.08,BUY,-72,0.06,0.07
2026-01-04T17:03:20.870274Z,price_change,0.02,BUY,-644,0.06,0.07
2026-01-04T17:03:20.871842Z,price_change,0.04,BUY,681,0.06,0.07
2026-01-04T17:03:20.874304Z,price_change,0.06,BUY,-21,0.06,0.07
2026-01-04T17:03:20.874304Z,price_change,0.08,BUY,12,0.08,0.07
2026-01-04T17:03:20.875757Z,price_change,0.05,BUY,615,0.08,0.07
2026-01-04T17:03:20.89559Z,price_change,0.08,BUY,-12,0.06,0.07
2026-01-04T17:03:20.89559Z,price_change,0.06,BUY,12,0.06,0.07
2026-01-04T17:03:20.913983Z,price_change,0.02,BUY,152,0.06,0.07
2026-01-04T17:03:24.23153Z,price_change,0.07,BUY,50,0.07,0.07
2026-01-04T17:03:24.887061Z,price_change,0.16000000000000003,SELL,70,0.07,0.07
2026-01-04T17:03:25.723015Z,price_change,0.08999999999999997,SELL,-52,0.07,0.07
2026-01-04T17:03:30.564614Z,price_change,0.08999999999999997,SELL,471,0.07,0.07
2026-01-04T17:03:30.567602Z,price_change,0.09999999999999998,SELL,1365,0.07,0.07
2026-01-04T17:03:32.035389Z,price_change,0.08999999999999997,SELL,-37,0.07,0.07
2026-01-04T17:03:32.035389Z,price_change,0.08999999999999997,SELL,-4,0.07,0.07
2026-01-04T17:03:32.33336Z,price_change,0.05,BUY,-250,0.07,0.07
2026-01-04T17:03:32.470879Z,price_change,0.61,SELL,905,0.07,0.07
2026-01-04T17:03:32.473385Z,price_change,0.64,SELL,1295,0.07,0.07
2026-01-04T17:03:32.475285Z,price_change,0.7,SELL,1627,0.07,0.07
2026-01-04T17:03:32.48083Z,price_change,0.85,SELL,4415,0.07,0.07
2026-01-04T17:03:32.481629Z,price_change,0.94,SELL,11955,0.07,0.07
2026-01-04T17:03:32.483067Z,price_change,0.98,SELL,38920,0.07,0.07
2026-01-04T17:03:33.095915Z,price_change,0.08999999999999997,SELL,100,0.07,0.07
2026-01-04T17:03:36.270367Z,price_change,0.19999999999999996,SELL,30,0.07,0.07
2026-01-04T17:03:38.297124Z,price_change,0.06,BUY,-12,0.07,0.07
2026-01-04T17:03:38.297124Z,price_change,0.07,BUY,23,0.07,0.07
2026-01-04T17:03:40.000107Z,price_change,0.07,BUY,-23,0.07,0.07
2026-01-04T17:03:40.212067Z,price_change,0.08,BUY,25,0.08,0.07
2026-01-04T17:03:40.237681Z,price_change,0.08,BUY,11,0.08,0.07
2026-01-04T17:03:41.014461Z,price_change,0.08999999999999997,SELL,-471,0.08,0.07
2026-01-04T17:03:41.231367Z,price_change,0.55,SELL,807,0.08,0.07
2026-01-04T17:03:47.539115Z,price_change,0.05,BUY,250,0.08,0.07
2026-01-04T17:03:52.340475Z,price_change,0.45999999999999996,SELL,-37,0.08,0.07
2026-01-04T17:03:52.368876Z,price_change,0.45999999999999996,SELL,37,0.08,0.07
2026-01-04T17:03:56.400688Z,price_change,0.08,BUY,-11,0.08,0.07
2026-01-04T17:03:56.400688Z,price_change,0.07,BUY,11,0.08,0.07
2026-01-04T17:03:58.140511Z,price_change,0.08999999999999997,SELL,-1,0.08,0.07
2026-01-04T17:03:58.327036Z,price_change,0.12,SELL,-20,0.08,0.07
2026-01-04T17:04:01.088857Z,price_change,0.08999999999999997,SELL,-1000,0.08,0.07
2026-01-04T17:04:08.131355Z,price_change,0.07,BUY,8,0.08,0.07
2026-01-04T17:04:09.450552Z,price_change,0.08,BUY,-5,0.08,0.07
2026-01-04T17:04:10.000348Z,price_change,0.07,BUY,-19,0.08,0.07
2026-01-04T17:04:11.037498Z,price_change,0.08,BUY,13,0.08,0.07
2026-01-04T17:04:11.642949Z,price_change,0.08999999999999997,SELL,-50,0.08,0.07
2026-01-04T17:04:16.407235Z,price_change,0.08999999999999997,SELL,-6,0.08,0.07
2026-01-04T17:04:16.667413Z,price_change,0.08999999999999997,SELL,1000,0.08,0.07
2026-01-04T17:04:16.7772Z,price_change,0.08999999999999997,SELL,-39,0.08,0.07
2026-01-04T17:04:16.7772Z,price_change,0.08999999999999997,SELL,-13,0.08,0.07
2026-01-04T17:04:16.794109Z,price_change,0.08999999999999997,SELL,-1000,0.08,0.07
2026-01-04T17:04:17.835239Z,price_change,0.08999999999999997,SELL,100,0.08,0.07
2026-01-04T17:04:17.854957Z,price_change,0.08999999999999997,SELL,1000,0.08,0.07
2026-01-04T17:04:19.180846Z,price_change,0.08,BUY,-3,0.08,0.07
2026-01-04T17:04:20.762299Z,price_change,0.08999999999999997,SELL,-87,0.08,0.07
2026-01-04T17:04:20.762299Z,price_change,0.08999999999999997,SELL,-17,0.08,0.07
2026-01-04T17:04:20.780266Z,price_change,0.08999999999999997,SELL,-1000,0.08,0.07
2026-01-04T17:04:20.797584Z,price_change,0.09999999999999998,SELL,1000,0.08,0.07
2026-01-04T17:04:21.00039Z,price_change,0.09999999999999998,SELL,-1365,0.08,0.07
2026-01-04T17:04:21.801901Z,price_change,0.08999999999999997,SELL,100,0.08,0.07
2026-01-04T17:04:21.818882Z,price_change,0.09999999999999998,SELL,-1000,0.08,0.07
2026-01-04T17:04:21.843005Z,price_change,0.08999999999999997,SELL,1000,0.08,0.07
2026-01-04T17:04:21.923305Z,price_change,0.09999999999999998,SELL,1118,0.08,0.07
2026-01-04T17:04:21.926566Z,price_change,0.52,SELL,534,0.08,0.07
2026-01-04T17:04:23.846885Z,price_change,0.08999999999999997,SELL,-50,0.08,0.07
2026-01-04T17:04:23.876567Z,price_change,0.08,BUY,-10,0.08,0.07
2026-01-04T17:04:23.876567Z,price_change,0.07,BUY,10,0.08,0.07
2026-01-04T17:04:24.000137Z,price_change,0.7,SELL,-1627,0.08,0.07
2026-01-04T17:04:25.277735Z,price_change,0.08999999999999997,SELL,-33,0.08,0.07
2026-01-04T17:04:25.277735Z,price_change,0.08999999999999997,SELL,-100,0.08,0.07
2026-01-04T17:04:25.277735Z,price_change,0.08999999999999997,SELL,-389,0.08,0.07
2026-01-04T17:04:25.294968Z,price_change,0.08999999999999997,SELL,-611,0.08,0.07
2026-01-04T17:04:25.311754Z,price_change,0.09999999999999998,SELL,1000,0.08,0.07
2026-01-04T17:04:25.31278Z,price_change,0.02,BUY,-152,0.08,0.07
2026-01-04T17:04:25.315529Z,price_change,0.01,BUY,-582,0.08,0.07
2026-01-04T17:04:25.316687Z,price_change,0.06,BUY,547,0.08,0.07
2026-01-04T17:04:25.320876Z,price_change,0.08999999999999997,SELL,824,0.08,0.07
2026-01-04T17:04:25.879234Z,price_change,0.73,SELL,2051,0.08,0.07
2026-01-04T17:04:25.896496Z,price_change,0.09999999999999998,SELL,-1000,0.08,0.07
2026-01-04T17:04:25.897024Z,price_change,0.05,BUY,-250,0.08,0.07
2026-01-04T17:04:25.914175Z,price_change,0.08999999999999997,SELL,1000,0.08,0.07
2026-01-04T17:04:26.318099Z,price_change,0.08999999999999997,SELL,100,0.08,0.07
2026-01-04T17:04:26.348483Z,price_change,0.08999999999999997,SELL,100,0.08,0.07
2026-01-04T17:04:27.0001Z,price_change,0.94,SELL,-11955,0.08,0.07
2026-01-04T17:04:28.354063Z,price_change,0.94,SELL,10827,0.08,0.07
2026-01-04T17:04:29.004533Z,price_change,0.08999999999999997,SELL,-50,0.08,0.07
2026-01-04T17:04:29.026423Z,price_change,0.08999999999999997,SELL,-774,0.08,0.07
2026-01-04T17:04:29.039313Z,price_change,0.06,BUY,250,0.08,0.07
2026-01-04T17:04:30.000595Z,price_change,0.64,SELL,-1295,0.08,0.07
2026-01-04T17:04:30.000595Z,price_change,0.85,SELL,-4415,0.08,0.07
2026-01-04T17:04:30.01981Z,price_change,0.05,BUY,-615,0.08,0.07
2026-01-04T17:04:30.023379Z,price_change,0.01,BUY,641,0.08,0.07
2026-01-04T17:04:30.024769Z,price_change,0.02,BUY,156,0.08,0.07
2026-01-04T17:04:30.781212Z,price_change,0.08999999999999997,SELL,500,0.08,0.07
2026-01-04T17:04:31.007663Z,price_change,0.61,SELL,-905,0.08,0.07
2026-01-04T17:04:31.358872Z,price_change,0.08999999999999997,SELL,-10,0.08,0.07
2026-01-04T17:04:31.645413Z,price_change,0.64,SELL,1577,0.08,0.07
2026-01-04T17:04:31.646555Z,price_change,0.7,SELL,1627,0.08,0.07
2026-01-04T17:04:31.648442Z,price_change,0.88,SELL,4321,0.08,0.07
2026-01-04T17:04:32.000373Z,price_change,0.98,SELL,-38920,0.08,0.07
2026-01-04T17:04:32.128185Z,price_change,0.08999999999999997,SELL,-990,0.08,0.07
2026-01-04T17:04:32.595554Z,price_change,0.98,SELL,37627,0.08,0.07
2026-01-04T17:04:36.000061Z,price_change,0.55,SELL,-807,0.08,0.07
2026-01-04T17:04:37.065423Z,price_change,0.5800000000000001,SELL,686,0.08,0.07
2026-01-04T17:04:39.705548Z,price_change,0.08999999999999997,SELL,-10,0.08,0.07
2026-01-04T17:04:41.002834Z,price_change,0.07,BUY,-10,0.08,0.07
2026-01-04T17:04:42.032589Z,price_change,0.08,BUY,12,0.08,0.07
2026-01-04T17:04:44.955855Z,price_change,0.08999999999999997,SELL,-90,0.08,0.07
2026-01-04T17:04:44.955855Z,price_change,0.08999999999999997,SELL,-100,0.08,0.07
2026-01-04T17:04:44.955855Z,price_change,0.08999999999999997,SELL,-332,0.08,0.07
2026-01-04T17:04:45.991103Z,price_change,0.08999999999999997,SELL,100,0.08,0.07
2026-01-04T17:04:45.999237Z,price_change,0.08999999999999997,SELL,100,0.08,0.07
2026-01-04T17:04:46.93956Z,price_change,0.08999999999999997,SELL,-6,0.08,0.07
2026-01-04T17:04:47.130704Z,price_change,0.08999999999999997,SELL,-104,0.08,0.07
2026-01-04T17:04:47.805265Z,price_change,0.08999999999999997,SELL,1000,0.08,0.07
2026-01-04T17:04:48.825659Z,price_change,0.08999999999999997,SELL,-58,0.08,0.07
2026-01-04T17:04:48.825659Z,price_change,0.08999999999999997,SELL,-100,0.08,0.07
2026-01-04T17:04:48.825659Z,price_change,0.08999999999999997,SELL,-100,0.08,0.07
2026-01-04T17:04:48.825659Z,price_change,0.08999999999999997,SELL,-264,0.08,0.07
2026-01-04T17:04:48.845333Z,price_change,0.08999999999999997,SELL,-736,0.08,0.07
2026-01-04T17:04:48.862291Z,price_change,0.06,BUY,-547,0.08,0.07
2026-01-04T17:04:48.864808Z,price_change,0.09999999999999998,SELL,1000,0.08,0.07
2026-01-04T17:04:48.865001Z,price_change,0.05,BUY,475,0.08,0.07
2026-01-04T17:04:48.873903Z,price_change,0.08999999999999997,SELL,824,0.08,0.07
2026-01-04T17:04:49.870294Z,price_change,0.08999999999999997,SELL,100,0.08,0.07
2026-01-04T17:04:49.891697Z,price_change,0.09999999999999998,SELL,-1000,0.08,0.07
2026-01-04T17:04:49.898033Z,price_change,0.08999999999999997,SELL,100,0.08,0.07
2026-01-04T17:04:49.904149Z,price_change,0.06,BUY,-250,0.08,0.07
2026-01-04T17:04:49.906796Z,price_change,0.08999999999999997,SELL,1000,0.08,0.07
2026-01-04T17:04:49.926761Z,price_change,0.08,BUY,-12,0.08,0.07
2026-01-04T17:04:49.926761Z,price_change,0.07,BUY,12,0.08,0.07
2026-01-04T17:04:59.800701Z,price_change,0.35,SELL,50,0.08,0.07
2026-01-04T17:04:59.843008Z,price_change,0.05,BUY,250,0.08,0.07
2026-01-04T17:05:00.937863Z,price_change,0.08999999999999997,SELL,-208,0.08,0.07
2026-01-04T17:05:00.957278Z,price_change,0.08999999999999997,SELL,-616,0.08,0.07
2026-01-04T17:05:03.200994Z,price_change,0.05,BUY,-250,0.08,0.07
2026-01-04T17:05:04.454137Z,price_change,0.08999999999999997,SELL,-52,0.08,0.07
2026-01-04T17:05:06.418792Z,price_change,0.05,BUY,-25,0.08,0.07
2026-01-04T17:05:06.689981Z,price_change,0.08999999999999997,SELL,-31,0.08,0.07
2026-01-04T17:05:07.200063Z,price_change,0.08999999999999997,SELL,-17,0.08,0.07
2026-01-04T17:05:07.200063Z,price_change,0.08999999999999997,SELL,-100,0.08,0.07
2026-01-04T17:05:07.200063Z,price_change,0.08999999999999997,SELL,-88,0.08,0.07
2026-01-04T17:05:07.282869Z,price_change,0.08999999999999997,SELL,-912,0.08,0.07
2026-01-04T17:05:07.299783Z,price_change,0.09999999999999998,SELL,1000,0.08,0.07
2026-01-04T17:05:07.322151Z,price_change,0.08999999999999997,SELL,824,0.08,0.07
2026-01-04T17:05:08.255767Z,price_change,0.08999999999999997,SELL,100,0.08,0.07
2026-01-04T17:05:08.280528Z,price_change,0.09999999999999998,SELL,-1000,0.08,0.07
2026-01-04T17:05:08.294849Z,price_change,0.08999999999999997,SELL,1000,0.08,0.07
2026-01-04T17:05:08.350587Z,price_change,0.08999999999999997,SELL,100,0.08,0.07
2026-01-04T17:05:12.000369Z,price_change,0.07,BUY,-12,0.08,0.07
2026-01-04T17:05:12.000369Z,price_change,0.09999999999999998,SELL,-1118,0.08,0.07
2026-01-04T17:05:13.029083Z,price_change,0.08,BUY,12,0.08,0.07
2026-01-04T17:05:13.513811Z,price_change,0.09999999999999998,SELL,1119,0.08,0.07
2026-01-04T17:05:13.958687Z,price_change,0.08999999999999997,SELL,-313,0.08,0.07
2026-01-04T17:05:13.979665Z,price_change,0.08999999999999997,SELL,-511,0.08,0.07
2026-01-04T17:05:14.436318Z,price_change,0.08999999999999997,SELL,-100,0.08,0.07
2026-01-04T17:05:14.436318Z,price_change,0.08999999999999997,SELL,-3,0.08,0.07
2026-01-04T17:05:15.000048Z,price_change,0.53,SELL,-2361,0.08,0.07
2026-01-04T17:05:15.000048Z,price_change,0.5,SELL,-1940,0.08,0.07
2026-01-04T17:05:15.000048Z,price_change,0.47,SELL,-1296,0.08,0.07
2026-01-04T17:05:15.482391Z,price_change,0.08999999999999997,SELL,100,0.08,0.07
2026-01-04T17:05:15.512452Z,price_change,0.08,BUY,-12,0.08,0.07
2026-01-04T17:05:15.512452Z,price_change,0.07,BUY,12,0.08,0.07
2026-01-04T17:05:15.919539Z,price_change,0.02,BUY,500,0.08,0.07
2026-01-04T17:05:16.036557Z,price_change,0.52,SELL,-534,0.08,0.07
2026-01-04T17:05:16.227688Z,price_change,0.55,SELL,1053,0.08,0.07
2026-01-04T17:05:18.948211Z,price_change,0.05,BUY,250,0.08,0.07
2026-01-04T17:05:21.001629Z,price_change,0.94,SELL,-10827,0.08,0.07
2026-01-04T17:05:21.001629Z,price_change,0.73,SELL,-2051,0.08,0.07
2026-01-04T17:05:22.000108Z,price_change,0.88,SELL,-4321,0.08,0.07
2026-01-04T17:05:22.000108Z,price_change,0.7,SELL,-1627,0.08,0.07
2026-01-04T17:05:22.005161Z,price_change,0.85,SELL,4079,0.08,0.07
2026-01-04T17:05:22.006693Z,price_change,0.94,SELL,7423,0.08,0.07
2026-01-04T17:05:23.00087Z,price_change,0.73,SELL,2300,0.08,0.07
2026-01-04T17:05:25.910344Z,price_change,0.08999999999999997,SELL,-104,0.08,0.07
2026-01-04T17:05:27.267957Z,price_change,0.08999999999999997,SELL,-893,0.08,0.07
2026-01-04T17:05:29.000131Z,price_change,0.64,SELL,-1577,0.08,0.07
2026-01-04T17:05:29.804476Z,price_change,0.64,SELL,1178,0.08,0.07
2026-01-04T17:05:29.807875Z,price_change,0.7,SELL,1627,0.08,0.07
2026-01-04T17:05:30.000809Z,price_change,0.98,SELL,-37627,0.08,0.07
2026-01-04T17:05:30.564249Z,price_change,0.08,BUY,-5,0.08,0.07
2026-01-04T17:05:31.528325Z,price_change,0.08999999999999997,SELL,-100,0.08,0.07
2026-01-04T17:05:31.560301Z,price_change,0.98,SELL,40615,0.08,0.07
2026-01-04T17:05:32.58003Z,price_change,0.08999999999999997,SELL,100,0.08,0.07
2026-01-04T17:05:32.922421Z,price_change,0.08999999999999997,SELL,-100,0.08,0.07
2026-01-04T17:05:32.922421Z,price_change,0.08999999999999997,SELL,-100,0.08,0.07
2026-01-04T17:05:32.922421Z,price_change,0.09999999999999998,SELL,-117,0.08,0.07
2026-01-04T17:05:32.922421Z,price_change,0.09999999999999998,SELL,-163,0.08,0.07
2026-01-04T17:05:32.942196Z,price_change,0.02,BUY,-156,0.08,0.07
2026-01-04T17:05:32.945013Z,price_change,0.01,BUY,-641,0.08,0.07
2026-01-04T17:05:32.946462Z,price_change,0.06,BUY,538,0.08,0.07
2026-01-04T17:05:32.949626Z,price_change,0.08999999999999997,SELL,824,0.08,0.07
2026-01-04T17:05:32.96975Z,price_change,0.01,BUY,185,0.08,0.07
2026-01-04T17:05:32.970179Z,price_change,0.05,BUY,-250,0.08,0.07
2026-01-04T17:05:32.972681Z,price_change,0.02,BUY,162,0.08,0.07
2026-01-04T17:05:32.982195Z,price_change,0.06,BUY,250,0.08,0.07
2026-01-04T17:05:33.970573Z,price_change,0.08999999999999997,SELL,100,0.08,0.07
2026-01-04T17:05:33.979982Z,price_change,0.08999999999999997,SELL,100,0.08,0.07
2026-01-04T17:05:34.00001Z,price_change,0.5800000000000001,SELL,-686,0.08,0.07
2026-01-04T17:05:38.270164Z,price_change,0.06,BUY,-250,0.08,0.07
2026-01-04T17:05:38.281397Z,price_change,0.08999999999999997,SELL,1000,0.08,0.07
2026-01-04T17:05:40.622163Z,price_change,0.08999999999999997,SELL,-2,0.08,0.07
2026-01-04T17:05:40.635871Z,price_change,0.08999999999999997,SELL,-822,0.08,0.07
2026-01-04T17:05:41.616279Z,price_change,0.08999999999999997,SELL,-52,0.08,0.07
2026-01-04T17:05:42.485112Z,price_change,0.06,BUY,150,0.08,0.07
2026-01-04T17:05:43.392733Z,price_change,0.08999999999999997,SELL,-48,0.08,0.07
2026-01-04T17:05:43.392733Z,price_change,0.08999999999999997,SELL,-35,0.08,0.07
2026-01-04T17:05:44.146406Z,price_change,0.08999999999999997,SELL,-10,0.08,0.07
2026-01-04T17:05:47.286207Z,price_change,0.08999999999999997,SELL,-1000,0.08,0.07
2026-01-04T17:05:47.311308Z,price_change,0.08999999999999997,SELL,100,0.08,0.07
2026-01-04T17:05:47.333727Z,price_change,0.05,BUY,250,0.08,0.07
2026-01-04T17:05:47.801831Z,price_change,0.05,BUY,-250,0.08,0.07
2026-01-04T17:05:47.819296Z,price_change,0.06,BUY,250,0.08,0.07
2026-01-04T17:05:48.480709Z,price_change,0.06,BUY,-250,0.08,0.07
2026-01-04T17:05:48.495389Z,price_change,0.05,BUY,250,0.08,0.07
2026-01-04T17:05:48.616582Z,price_change,0.07,BUY,-12,0.08,0.07
2026-01-04T17:05:48.616582Z,price_change,0.08,BUY,11,0.08,0.07
2026-01-04T17:05:48.638855Z,price_change,0.05,BUY,-250,0.08,0.07
2026-01-04T17:05:49.80094Z,price_change,0.08999999999999997,SELL,1000,0.08,0.07
2026-01-04T17:05:50.041815Z,price_change,0.08999999999999997,SELL,-55,0.08,0.07
2026-01-04T17:05:50.041815Z,price_change,0.08999999999999997,SELL,-100,0.08,0.07
2026-01-04T17:05:50.041815Z,price_change,0.08999999999999997,SELL,-48,0.08,0.07
2026-01-04T17:05:51.092538Z,price_change,0.08999999999999997,SELL,100,0.08,0.07
2026-01-04T17:05:56.035561Z,price_change,0.45999999999999996,SELL,-37,0.08,0.07
2026-01-04T17:05:56.058976Z,price_change,0.54,SELL,43,0.08,0.07
2026-01-04T17:05:57.909478Z,price_change,0.08999999999999997,SELL,-10,0.08,0.07
2026-01-04T17:05:58.939795Z,price_change,0.08,BUY,3,0.08,0.07
2026-01-04T17:05:59.278939Z,price_change,0.08999999999999997,SELL,-20,0.08,0.07
2026-01-04T17:06:01.731535Z,price_change,0.08999999999999997,SELL,-104,0.08,0.07
2026-01-04T17:06:03.000738Z,price_change,0.08,BUY,-14,0.08,0.07
2026-01-04T17:06:03.029677Z,price_change,0.08,BUY,14,0.08,0.07
2026-01-04T17:06:04.086797Z,price_change,0.08999999999999997,SELL,-10,0.08,0.07
2026-01-04T17:06:05.044838Z,price_change,0.05,BUY,250,0.08,0.07
2026-01-04T17:06:05.157411Z,price_change,0.08999999999999997,SELL,-52,0.08,0.07
2026-01-04T17:06:05.718893Z,price_change,0.08999999999999997,SELL,-756,0.08,0.07
2026-01-04T17:06:05.718893Z,price_change,0.08999999999999997,SELL,-100,0.08,0.07
2026-01-04T17:06:05.718893Z,price_change,0.09999999999999998,SELL,-357,0.08,0.07
2026-01-04T17:06:05.74081Z,price_change,0.05,BUY,-250,0.08,0.07
2026-01-04T17:06:05.743389Z,price_change,0.08999999999999997,SELL,578,0.08,0.07
2026-01-04T17:06:05.745388Z,price_change,0.08999999999999997,SELL,100,0.08,0.07
2026-01-04T17:06:05.746837Z,price_change,0.08,BUY,-14,0.08,0.07
2026-01-04T17:06:05.746837Z,price_change,0.07,BUY,14,0.08,0.07
2026-01-04T17:06:05.759717Z,price_change,0.06,BUY,250,0.08,0.07
2026-01-04T17:06:05.761457Z,price_change,0.06,BUY,-538,0.08,0.07
2026-01-04T17:06:05.762994Z,price_change,0.03,BUY,395,0.08,0.07
2026-01-04T17:06:05.772786Z,price_change,0.08999999999999997,SELL,246,0.08,0.07
2026-01-04T17:06:05.786922Z,price_change,0.08999999999999997,SELL,-824,0.08,0.07
2026-01-04T17:06:05.96465Z,price_change,0.06,BUY,-250,0.08,0.07
2026-01-04T17:06:06.77216Z,price_change,0.08999999999999997,SELL,100,0.08,0.07
2026-01-04T17:06:06.791756Z,price_change,0.08999999999999997,SELL,1000,0.08,0.07
2026-01-04T17:06:08.05617Z,price_change,0.08999999999999997,SELL,-1,0.08,0.07
2026-01-04T17:06:10.53392Z,price_change,0.04,BUY,250,0.08,0.07
2026-01-04T17:06:11.06869Z,price_change,0.04,BUY,-250,0.08,0.07
2026-01-04T17:06:11.081152Z,price_change,0.05,BUY,250,0.08,0.07
2026-01-04T17:06:12.000049Z,price_change,0.09999999999999998,SELL,-1119,0.08,0.07
2026-01-04T17:06:12.024625Z,price_change,0.05,BUY,-250,0.08,0.07
2026-01-04T17:06:12.040149Z,price_change,0.06,BUY,250,0.08,0.07
2026-01-04T17:06:12.238398Z,price_change,0.06,BUY,-250,0.08,0.07
2026-01-04T17:06:12.85184Z,price_change,0.08,BUY,100,0.08,0.07
2026-01-04T17:06:12.871736Z,price_change,0.05,BUY,250,0.08,0.07
2026-01-04T17:06:12.880423Z,price_change,0.08,BUY,-15,0.08,0.07
2026-01-04T17:06:12.880423Z,price_change,0.08,BUY,-100,0.07,0.07
2026-01-04T17:06:12.901231Z,price_change,0.05,BUY,-475,0.07,0.07
2026-01-04T17:06:13.095684Z,price_change,0.09999999999999998,SELL,1120,0.07,0.07
2026-01-04T17:06:13.11531Z,price_change,0.05,BUY,-250,0.07,0.07
2026-01-04T17:06:13.272336Z,price_change,0.04,BUY,250,0.07,0.07
2026-01-04T17:06:14.001985Z,price_change,0.73,SELL,-2300,0.07,0.07
2026-01-04T17:06:14.028588Z,price_change,0.04,BUY,-250,0.07,0.07
2026-01-04T17:06:14.054472Z,price_change,0.05,BUY,250,0.07,0.07
2026-01-04T17:06:14.338958Z,price_change,0.08999999999999997,SELL,-40,0.07,0.07
2026-01-04T17:06:14.35959Z,price_change,0.05,BUY,-250,0.07,0.07
2026-01-04T17:06:14.37507Z,price_change,0.06,BUY,250,0.07,0.07
2026-01-04T17:06:15.000053Z,price_change,0.55,SELL,-1053,0.07,0.07
2026-01-04T17:06:15.040195Z,price_change,0.06,BUY,-250,0.07,0.07
2026-01-04T17:06:15.049223Z,price_change,0.79,SELL,2963,0.07,0.07
2026-01-04T17:06:15.056255Z,price_change,0.05,BUY,250,0.07,0.07
2026-01-04T17:06:15.407624Z,price_change,0.08999999999999997,SELL,-10,0.07,0.07
2026-01-04T17:06:15.424768Z,price_change,0.05,BUY,-250,0.07,0.07
2026-01-04T17:06:15.438998Z,price_change,0.06,BUY,250,0.07,0.07
2026-01-04T17:06:15.645852Z,price_change,0.06,BUY,-150,0.07,0.07
2026-01-04T17:06:15.645852Z,price_change,0.07,BUY,150,0.07,0.07
2026-01-04T17:06:15.6612Z,price_change,0.06,BUY,-250,0.07,0.07
2026-01-04T17:06:15.893763Z,price_change,0.55,SELL,1052,0.07,0.07
2026-01-04T17:06:15.917379Z,price_change,0.05,BUY,250,0.07,0.07
2026-01-04T17:06:16.365426Z,price_change,0.08999999999999997,SELL,-1000,0.07,0.07
2026-01-04T17:06:16.380301Z,price_change,0.05,BUY,-250,0.07,0.07
2026-01-04T17:06:16.395286Z,price_change,0.06,BUY,250,0.07,0.07
2026-01-04T17:06:16.883245Z,price_change,0.06,BUY,-250,0.07,0.07
2026-01-04T17:06:16.898988Z,price_change,0.05,BUY,250,0.07,0.07
2026-01-04T17:06:17.00019Z,price_change,0.85,SELL,-4079,0.07,0.07
2026-01-04T17:06:17.00019Z,price_change,0.94,SELL,-7423,0.07,0.07
2026-01-04T17:06:18.213292Z,price_change,0.88,SELL,4230,0.07,0.07
2026-01-04T17:06:18.214781Z,price_change,0.94,SELL,9986,0.07,0.07
2026-01-04T17:06:19.246425Z,price_change,0.07,BUY,21,0.07,0.07
2026-01-04T17:06:20.163623Z,price_change,0.08,BUY,40,0.08,0.07
2026-01-04T17:06:20.182751Z,price_change,0.05,BUY,612,0.08,0.07
2026-01-04T17:06:22.001119Z,price_change,0.98,SELL,-40615,0.08,0.07
2026-01-04T17:06:22.025257Z,price_change,0.05,BUY,-250,0.08,0.07
2026-01-04T17:06:22.040778Z,price_change,0.06,BUY,250,0.08,0.07
2026-01-04T17:06:22.815027Z,price_change,0.08999999999999997,SELL,-89,0.08,0.07
2026-01-04T17:06:22.815027Z,price_change,0.08999999999999997,SELL,-60,0.08,0.07
2026-01-04T17:06:22.815027Z,price_change,0.09999999999999998,SELL,-53,0.08,0.07
2026-01-04T17:06:22.836058Z,price_change,0.08999999999999997,SELL,269,0.08,0.07
2026-01-04T17:06:22.862787Z,price_change,0.08999999999999997,SELL,342,0.08,0.07
2026-01-04T17:06:23.015464Z,price_change,0.98,SELL,38804,0.08,0.07
2026-01-04T17:06:23.865093Z,price_change,0.08999999999999997,SELL,30,0.08,0.07
2026-01-04T17:06:24.001389Z,price_change,0.7,SELL,-1627,0.08,0.07
2026-01-04T17:06:24.350517Z,price_change,0.54,SELL,-43,0.08,0.07
2026-01-04T17:06:24.379354Z,price_change,0.54,SELL,43,0.08,0.07
2026-01-04T17:06:24.616747Z,price_change,0.7,SELL,2313,0.08,0.07
2026-01-04T17:06:27.091175Z,price_change,0.06,BUY,1500,0.08,0.07
2026-01-04T17:06:28.238536Z,price_change,0.08,BUY,1,0.08,0.07
2026-01-04T17:06:29.000279Z,price_change,0.64,SELL,-1178,0.08,0.07
2026-01-04T17:06:29.653852Z,price_change,0.64,SELL,1864,0.08,0.07
2026-01-04T17:06:30.809521Z,price_change,0.08999999999999997,SELL,-611,0.08,0.07
2026-01-04T17:06:30.816138Z,price_change,0.08999999999999997,SELL,-30,0.08,0.07
2026-01-04T17:06:32.149263Z,price_change,0.09999999999999998,SELL,1000,0.08,0.07
2026-01-04T17:06:33.00036Z,price_change,0.07,BUY,-35,0.08,0.07
2026-01-04T17:06:33.036952Z,price_change,0.08,BUY,22,0.08,0.07
2026-01-04T17:06:34.371752Z,price_change,0.09999999999999998,SELL,-127,0.08,0.07
2026-01-04T17:06:35.982323Z,price_change,0.09999999999999998,SELL,-32,0.08,0.07
2026-01-04T17:06:36.349577Z,price_change,0.09999999999999998,SELL,-94,0.08,0.07
2026-01-04T17:06:38.376626Z,price_change,0.08,BUY,4,0.08,0.07
2026-01-04T17:06:43.40656Z,price_change,0.08,BUY,10,0.08,0.07
2026-01-04T17:06:44.728386Z,price_change,0.08,BUY,-1,0.08,0.07
2026-01-04T17:06:44.728386Z,price_change,0.09,BUY,1,0.09,0.07
2026-01-04T17:06:45.327495Z,price_change,0.09999999999999998,SELL,-37,0.09,0.07
2026-01-04T17:06:46.21708Z,price_change,0.09999999999999998,SELL,-338,0.09,0.07
2026-01-04T17:06:46.256755Z,price_change,0.09999999999999998,SELL,-94,0.09,0.07
2026-01-04T17:06:46.379051Z,price_change,0.61,SELL,907,0.09,0.07
2026-01-04T17:06:48.029824Z,price_change,0.08,BUY,-23,0.09,0.07
2026-01-04T17:06:48.55343Z,price_change,0.09999999999999998,SELL,-1000,0.09,0.07
2026-01-04T17:06:55.263387Z,price_change,0.09999999999999998,SELL,-18,0.09,0.07
2026-01-04T17:06:56.280002Z,price_change,0.09999999999999998,SELL,-326,0.09,0.07
2026-01-04T17:06:57.340315Z,price_change,0.09999999999999998,SELL,326,0.09,0.07
2026-01-04T17:06:57.973544Z,price_change,0.09999999999999998,SELL,-517,0.09,0.07
2026-01-04T17:06:57.997969Z,price_change,0.08,BUY,6,0.09,0.07
2026-01-04T17:07:03.000514Z,price_change,0.08,BUY,-19,0.09,0.07
2026-01-04T17:07:03.034045Z,price_change,0.08,BUY,16,0.09,0.07
2026-01-04T17:07:03.48739Z,price_change,0.05,BUY,-100,0.09,0.07
2026-01-04T17:07:03.835338Z,price_change,0.09999999999999998,SELL,-9,0.09,0.07
2026-01-04T17:07:04.311511Z,price_change,0.09999999999999998,SELL,1000,0.09,0.07
2026-01-04T17:07:06.000118Z,price_change,0.55,SELL,-1052,0.09,0.07
2026-01-04T17:07:06.049837Z,price_change,0.09999999999999998,SELL,-18,0.09,0.07
2026-01-04T17:07:07.147316Z,price_change,0.55,SELL,1390,0.09,0.07
2026-01-04T17:07:08.000694Z,price_change,0.09999999999999998,SELL,-456,0.09,0.07
2026-01-04T17:07:09.00141Z,price_change,0.79,SELL,-2963,0.09,0.07
2026-01-04T17:07:09.445552Z,price_change,0.09999999999999998,SELL,459,0.09,0.07
2026-01-04T17:07:11.424229Z,price_change,0.09999999999999998,SELL,-1000,0.09,0.07
2026-01-04T17:07:12.000278Z,price_change,0.98,SELL,-38804,0.09,0.07
2026-01-04T17:07:12.000278Z,price_change,0.94,SELL,-9986,0.09,0.07
2026-01-04T17:07:12.035177Z,price_change,0.08,BUY,-3,0.09,0.07
2026-01-04T17:07:12.320413Z,price_change,0.09999999999999998,SELL,-326,0.09,0.07
2026-01-04T17:07:12.530576Z,price_change,0.85,SELL,3256,0.09,0.07
2026-01-04T17:07:12.743077Z,price_change,0.09999999999999998,SELL,-470,0.09,0.07
2026-01-04T17:07:13.233056Z,price_change,0.09999999999999998,SELL,326,0.09,0.07
2026-01-04T17:07:13.251785Z,price_change,0.94,SELL,6952,0.09,0.07
2026-01-04T17:07:13.253489Z,price_change,0.98,SELL,32859,0.09,0.07
2026-01-04T17:07:13.558614Z,price_change,0.09,BUY,-1,0.08,0.07
2026-01-04T17:07:14.17613Z,price_change,0.10999999999999999,SELL,-5000,0.08,0.07
2026-01-04T17:07:14.17613Z,price_change,0.14,SELL,5000,0.08,0.07
2026-01-04T17:07:14.182878Z,price_change,0.09999999999999998,SELL,-511,0.08,0.07
2026-01-04T17:07:14.182878Z,price_change,0.13,SELL,511,0.08,0.07
2026-01-04T17:07:14.184994Z,price_change,0.09999999999999998,SELL,-2280,0.08,0.07
2026-01-04T17:07:14.184994Z,price_change,0.13,SELL,2280,0.08,0.07
2026-01-04T17:07:14.201626Z,price_change,0.12,SELL,484,0.08,0.07
2026-01-04T17:07:15.001648Z,price_change,0.88,SELL,-4230,0.08,0.07
2026-01-04T17:07:15.993441Z,price_change,0.61,SELL,-907,0.08,0.07
2026-01-04T17:07:15.994177Z,price_change,0.55,SELL,-1390,0.08,0.07
2026-01-04T17:07:15.994929Z,price_change,0.09999999999999998,SELL,-326,0.08,0.07
2026-01-04T17:07:15.995734Z,price_change,0.09999999999999998,SELL,-133,0.08,0.07
2026-01-04T17:07:15.996483Z,price_change,0.09999999999999998,SELL,-326,0.08,0.07
2026-01-04T17:07:16.015094Z,price_change,0.09999999999999998,SELL,10,0.08,0.07
2026-01-04T17:07:16.019635Z,price_change,0.10999999999999999,SELL,100,0.08,0.07
2026-01-04T17:07:16.030952Z,price_change,0.10999999999999999,SELL,634,0.08,0.07
2026-01-04T17:07:16.046233Z,price_change,0.10999999999999999,SELL,-634,0.08,0.07
2026-01-04T17:07:16.24229Z,price_change,0.10999999999999999,SELL,359,0.08,0.07
2026-01-04T17:07:16.243233Z,price_change,0.12,SELL,1594,0.08,0.07
2026-01-04T17:07:16.245416Z,price_change,0.13,SELL,1547,0.08,0.07
2026-01-04T17:07:16.271083Z,price_change,0.12,SELL,-484,0.08,0.07
2026-01-04T17:07:16.64692Z,price_change,0.10999999999999999,SELL,-359,0.08,0.07
2026-01-04T17:07:17.018782Z,price_change,0.09999999999999998,SELL,90,0.08,0.07
2026-01-04T17:07:17.069692Z,price_change,0.08,BUY,9,0.08,0.07
2026-01-04T17:07:19.446925Z,price_change,0.06,BUY,-250,0.08,0.07
2026-01-04T17:07:19.55574Z,price_change,0.09999999999999998,SELL,1000,0.08,0.07
2026-01-04T17:07:20.000203Z,price_change,0.64,SELL,-1864,0.08,0.07
2026-01-04T17:07:20.539303Z,price_change,0.54,SELL,-43,0.08,0.07
2026-01-04T17:07:20.565777Z,price_change,0.55,SELL,44,0.08,0.07
2026-01-04T17:07:20.955079Z,price_change,0.6699999999999999,SELL,1393,0.08,0.07
2026-01-04T17:07:21.360974Z,price_change,0.48,SELL,200,0.08,0.07
2026-01-04T17:07:22.042835Z,price_change,0.09999999999999998,SELL,70,0.08,0.07
2026-01-04T17:07:24.000209Z,price_change,0.7,SELL,-2313,0.08,0.07
2026-01-04T17:07:24.435424Z,price_change,0.09999999999999998,SELL,-100,0.08,0.07
2026-01-04T17:07:24.435424Z,price_change,0.09999999999999998,SELL,-137,0.08,0.07
2026-01-04T17:07:25.193384Z,price_change,0.79,SELL,2972,0.08,0.07
2026-01-04T17:07:25.220567Z,price_change,0.08,BUY,-1,0.08,0.07
2026-01-04T17:07:25.492974Z,price_change,0.10999999999999999,SELL,-10,0.08,0.07
2026-01-04T17:07:25.829407Z,price_change,0.09999999999999998,SELL,-122,0.08,0.07
2026-01-04T17:07:28.274656Z,price_change,0.08,BUY,-40,0.08,0.07
2026-01-04T17:07:28.274656Z,price_change,0.09,BUY,35,0.09,0.07
2026-01-04T17:07:28.899573Z,price_change,0.09999999999999998,SELL,-84,0.09,0.07
2026-01-04T17:07:33.001025Z,price_change,0.08,BUY,-21,0.09,0.07
2026-01-04T17:07:33.975463Z,price_change,0.09999999999999998,SELL,-9,0.09,0.07
2026-01-04T17:07:33.999865Z,price_change,0.08,BUY,22,0.09,0.07
2026-01-04T17:07:35.388396Z,price_change,0.05,BUY,250,0.09,0.07
2026-01-04T17:07:36.608077Z,price_change,0.09999999999999998,SELL,-47,0.09,0.07
2026-01-04T17:07:37.919569Z,price_change,0.73,SELL,1975,0.09,0.07
2026-01-04T17:07:38.103499Z,price_change,0.09999999999999998,SELL,-141,0.09,0.07
2026-01-04T17:07:38.152471Z,price_change,0.03,BUY,-395,0.09,0.07
2026-01-04T17:07:38.155114Z,price_change,0.06,BUY,374,0.09,0.07
2026-01-04T17:07:38.23639Z,price_change,0.09999999999999998,SELL,-94,0.09,0.07
2026-01-04T17:07:43.461045Z,price_change,0.09999999999999998,SELL,-7,0.09,0.07
2026-01-04T17:07:44.535002Z,price_change,0.09999999999999998,SELL,-188,0.09,0.07
2026-01-04T17:07:44.561583Z,price_change,0.09999999999999998,SELL,70,0.09,0.07
2026-01-04T17:07:44.683525Z,price_change,0.05,BUY,-250,0.09,0.07
2026-01-04T17:07:44.696649Z,price_change,0.06,BUY,250,0.09,0.07
2026-01-04T17:07:44.874295Z,price_change,0.06,BUY,-250,0.09,0.07
2026-01-04T17:07:45.222545Z,price_change,0.05,BUY,250,0.09,0.07
2026-01-04T17:07:45.673545Z,price_change,0.05,BUY,-250,0.09,0.07
2026-01-04T17:07:45.693301Z,price_change,0.06,BUY,250,0.09,0.07
2026-01-04T17:07:47.671885Z,price_change,0.08,BUY,10,0.09,0.07
2026-01-04T17:07:48.794626Z,price_change,0.09999999999999998,SELL,-47,0.09,0.07
2026-01-04T17:07:50.355154Z,price_change,0.06,BUY,-250,0.09,0.07
2026-01-04T17:07:50.371274Z,price_change,0.04,BUY,250,0.09,0.07
2026-01-04T17:07:50.380447Z,price_change,0.09999999999999998,SELL,-124,0.09,0.07
2026-01-04T17:07:50.380447Z,price_change,0.09999999999999998,SELL,-70,0.09,0.07
2026-01-04T17:07:50.380447Z,price_change,0.09999999999999998,SELL,-70,0.09,0.07
2026-01-04T17:07:50.380447Z,price_change,0.10999999999999999,SELL,-90,0.09,0.07
2026-01-04T17:07:50.380447Z,price_change,0.12,SELL,-30,0.09,0.07
2026-01-04T17:07:50.380447Z,price_change,0.12,SELL,-59,0.09,0.07
2026-01-04T17:07:50.401434Z,price_change,0.05,BUY,-612,0.09,0.07
2026-01-04T17:07:50.40258Z,price_change,0.12,SELL,384,0.09,0.07
2026-01-04T17:07:50.404469Z,price_change,0.07,BUY,548,0.09,0.07
2026-01-04T17:07:50.409869Z,price_change,0.10999999999999999,SELL,376,0.09,0.07
2026-01-04T17:07:50.413807Z,price_change,0.04,BUY,-250,0.09,0.07
2026-01-04T17:07:50.42356Z,price_change,0.12,SELL,-70,0.09,0.07
2026-01-04T17:07:50.428566Z,price_change,0.10999999999999999,SELL,354,0.09,0.07
2026-01-04T17:07:50.437458Z,price_change,0.12,SELL,-314,0.09,0.07
2026-01-04T17:07:50.448403Z,price_change,0.10999999999999999,SELL,-730,0.09,0.07
2026-01-04T17:07:50.448403Z,price_change,0.09999999999999998,SELL,219,0.09,0.07
2026-01-04T17:07:50.621661Z,price_change,0.09999999999999998,SELL,-100,0.09,0.07
2026-01-04T17:07:50.639137Z,price_change,0.09999999999999998,SELL,-119,0.09,0.07
2026-01-04T17:07:50.658458Z,price_change,0.12,SELL,224,0.09,0.07
2026-01-04T17:07:50.664198Z,price_change,0.10999999999999999,SELL,219,0.09,0.07
2026-01-04T17:07:50.669558Z,price_change,0.12,SELL,-100,0.09,0.07
2026-01-04T17:07:50.681801Z,price_change,0.10999999999999999,SELL,343,0.09,0.07
2026-01-04T17:07:50.682924Z,price_change,0.12,SELL,-124,0.09,0.07
2026-01-04T17:07:50.696691Z,price_change,0.10999999999999999,SELL,-562,0.09,0.07
2026-01-04T17:07:50.696691Z,price_change,0.09999999999999998,SELL,121,0.09,0.07
2026-01-04T17:07:51.567582Z,price_change,0.09999999999999998,SELL,-47,0.09,0.07
2026-01-04T17:07:51.584308Z,price_change,0.05,BUY,250,0.09,0.07
2026-01-04T17:07:51.586458Z,price_change,0.09999999999999998,SELL,20,0.09,0.07
2026-01-04T17:07:51.590071Z,price_change,0.12,SELL,1000,0.09,0.07
2026-01-04T17:07:51.591976Z,price_change,0.09999999999999998,SELL,-74,0.09,0.07
2026-01-04T17:07:51.708869Z,price_change,0.08,BUY,-4,0.09,0.07
2026-01-04T17:07:52.256699Z,price_change,0.10999999999999999,SELL,658,0.09,0.07
2026-01-04T17:07:52.588104Z,price_change,0.09999999999999998,SELL,10,0.09,0.07
2026-01-04T17:07:53.418943Z,price_change,0.09999999999999998,SELL,-30,0.09,0.07
2026-01-04T17:07:53.418943Z,price_change,0.10999999999999999,SELL,-15,0.09,0.07
2026-01-04T17:07:54.44406Z,price_change,0.10999999999999999,SELL,10,0.09,0.07
2026-01-04T17:07:54.464665Z,price_change,0.09999999999999998,SELL,20,0.09,0.07
2026-01-04T17:07:56.788335Z,price_change,0.09999999999999998,SELL,-7,0.09,0.07
2026-01-04T17:07:57.393277Z,price_change,0.09999999999999998,SELL,-13,0.09,0.07
2026-01-04T17:07:57.393277Z,price_change,0.10999999999999999,SELL,-159,0.09,0.07
2026-01-04T17:07:57.437675Z,price_change,0.10999999999999999,SELL,-10,0.09,0.07
2026-01-04T17:07:58.437602Z,price_change,0.09999999999999998,SELL,10,0.09,0.07
2026-01-04T17:07:59.535252Z,price_change,0.10999999999999999,SELL,2000,0.09,0.07
2026-01-04T17:07:59.645958Z,price_change,0.09999999999999998,SELL,-10,0.09,0.07
2026-01-04T17:07:59.645958Z,price_change,0.10999999999999999,SELL,-76,0.09,0.07
2026-01-04T17:08:00.953695Z,price_change,0.10999999999999999,SELL,-85,0.09,0.07
2026-01-04T17:08:01.792307Z,price_change,0.10999999999999999,SELL,-323,0.09,0.07
2026-01-04T17:08:01.792307Z,price_change,0.10999999999999999,SELL,-2000,0.09,0.07
2026-01-04T17:08:01.792307Z,price_change,0.12,SELL,-930,0.09,0.07
2026-01-04T17:08:01.824048Z,price_change,0.10999999999999999,SELL,16,0.09,0.07
2026-01-04T17:08:03.000586Z,price_change,0.98,SELL,-32859,0.09,0.07
2026-01-04T17:08:03.000586Z,price_change,0.85,SELL,-3256,0.09,0.07
2026-01-04T17:08:03.116642Z,price_change,0.79,SELL,-2675,0.09,0.07
2026-01-04T17:08:03.381319Z,price_change,0.12,SELL,423,0.09,0.07
2026-01-04T17:08:04.30285Z,price_change,0.88,SELL,3936,0.09,0.07
2026-01-04T17:08:04.303729Z,price_change,0.98,SELL,30424,0.09,0.07
2026-01-04T17:08:04.56162Z,price_change,0.05,BUY,-250,0.09,0.07
2026-01-04T17:08:06.00548Z,price_change,0.94,SELL,-6952,0.09,0.07
2026-01-04T17:08:07.278945Z,price_change,0.94,SELL,9302,0.09,0.07
2026-01-04T17:08:11.000314Z,price_change,0.13,SELL,-1547,0.09,0.07
2026-01-04T17:08:11.000314Z,price_change,0.08,BUY,-28,0.09,0.07
2026-01-04T17:08:12.00002Z,price_change,0.12,SELL,-605,0.09,0.07
2026-01-04T17:08:12.012178Z,price_change,0.13,SELL,1011,0.09,0.07
2026-01-04T17:08:12.015077Z,price_change,0.64,SELL,1076,0.09,0.07
2026-01-04T17:08:12.024563Z,price_change,0.02,BUY,-162,0.09,0.07
2026-01-04T17:08:12.027266Z,price_change,0.01,BUY,-185,0.09,0.07
2026-01-04T17:08:12.02838Z,price_change,0.06,BUY,-374,0.09,0.07
2026-01-04T17:08:12.028519Z,price_change,0.08,BUY,36,0.09,0.07
2026-01-04T17:08:12.029731Z,price_change,0.05,BUY,649,0.09,0.07
2026-01-04T17:08:12.055286Z,price_change,0.08,BUY,-24,0.09,0.07
2026-01-04T17:08:12.997864Z,price_change,0.12,SELL,610,0.09,0.07
2026-01-04T17:08:13.159822Z,price_change,0.10999999999999999,SELL,-4,0.09,0.07
2026-01-04T17:08:13.181521Z,price_change,0.10999999999999999,SELL,-12,0.09,0.07
2026-01-04T17:08:13.201725Z,price_change,0.10999999999999999,SELL,16,0.09,0.07
2026-01-04T17:08:13.215994Z,price_change,0.10999999999999999,SELL,-4,0.09,0.07
2026-01-04T17:08:14.226396Z,price_change,0.10999999999999999,SELL,-12,0.09,0.07
2026-01-04T17:08:14.226396Z,price_change,0.12,SELL,-32,0.09,0.07
2026-01-04T17:08:14.257217Z,price_change,0.10999999999999999,SELL,12,0.09,0.07
2026-01-04T17:08:14.285678Z,price_change,0.10999999999999999,SELL,-12,0.09,0.07
2026-01-04T17:08:15.922638Z,price_change,0.48,SELL,-200,0.09,0.07
2026-01-04T17:08:15.922638Z,price_change,0.24,SELL,200,0.09,0.07
2026-01-04T17:08:17.001222Z,price_change,0.6699999999999999,SELL,-1393,0.09,0.07
2026-01-04T17:08:18.004543Z,price_change,0.79,SELL,-297,0.09,0.07
2026-01-04T17:08:18.106174Z,price_change,0.7,SELL,1625,0.09,0.07
2026-01-04T17:08:19.526057Z,price_change,0.09,BUY,-35,0.08,0.07
2026-01-04T17:08:19.526057Z,price_change,0.1,BUY,30,0.1,0.07
2026-01-04T17:08:19.584799Z,price_change,0.1,BUY,-1,0.1,0.07
2026-01-04T17:08:19.651276Z,price_change,0.05,BUY,250,0.1,0.07
2026-01-04T17:08:22.388171Z,price_change,0.08,BUY,31,0.1,0.07
2026-01-04T17:08:23.126534Z,price_change,0.12,SELL,-100,0.1,0.07
2026-01-04T17:08:24.572632Z,price_change,0.05,BUY,-250,0.1,0.07
2026-01-04T17:08:26.562422Z,price_change,0.12,SELL,-610,0.1,0.07
2026-01-04T17:08:26.789693Z,price_change,0.12,SELL,-131,0.1,0.07
2026-01-04T17:08:27.075317Z,price_change,0.61,SELL,524,0.1,0.07
2026-01-04T17:08:27.745416Z,price_change,0.13,SELL,562,0.1,0.07
2026-01-04T17:08:28.848421Z,price_change,0.55,SELL,-44,0.1,0.07
2026-01-04T17:08:28.876231Z,price_change,0.55,SELL,44,0.1,0.07
2026-01-04T17:08:30.049915Z,price_change,0.12,SELL,2000,0.1,0.07
2026-01-04T17:08:31.397382Z,price_change,0.12,SELL,-868,0.1,0.07
2026-01-04T17:08:31.397382Z,price_change,0.12,SELL,-292,0.1,0.07
2026-01-04T17:08:31.397382Z,price_change,0.12,SELL,-409,0.1,0.07
2026-01-04T17:08:31.430775Z,price_change,0.12,SELL,1000,0.1,0.07
2026-01-04T17:08:31.58858Z,price_change,0.61,SELL,-524,0.1,0.07
2026-01-04T17:08:31.8117Z,price_change,0.12,SELL,342,0.1,0.07
2026-01-04T17:08:32.89028Z,price_change,0.13,SELL,-511,0.1,0.07
2026-01-04T17:08:32.89028Z,price_change,0.10999999999999999,SELL,511,0.1,0.07
2026-01-04T17:08:32.895925Z,price_change,0.13,SELL,-2280,0.1,0.07
2026-01-04T17:08:32.895925Z,price_change,0.10999999999999999,SELL,2280,0.1,0.07
2026-01-04T17:08:33.604255Z,price_change,0.12,SELL,-342,0.1,0.07
2026-01-04T17:08:34.002056Z,price_change,0.73,SELL,-1975,0.1,0.07
2026-01-04T17:08:34.811804Z,price_change,0.79,SELL,2060,0.1,0.07
2026-01-04T17:08:36.496813Z,price_change,0.08,BUY,6,0.1,0.07
2026-01-04T17:08:39.695492Z,price_change,0.06,BUY,250,0.1,0.07
2026-01-04T17:08:43.12988Z,price_change,0.1,BUY,-10,0.1,0.07
2026-01-04T17:08:43.408697Z,price_change,0.13,SELL,-562,0.1,0.07
2026-01-04T17:08:43.625817Z,price_change,0.98,SELL,-15151,0.1,0.07
2026-01-04T17:08:43.655375Z,price_change,0.13,SELL,-289,0.1,0.07
2026-01-04T17:08:43.928801Z,price_change,0.55,SELL,342,0.1,0.07
2026-01-04T17:08:43.929709Z,price_change,0.61,SELL,569,0.1,0.07
2026-01-04T17:08:45.859106Z,price_change,0.10999999999999999,SELL,-14,0.1,0.07
2026-01-04T17:08:45.859106Z,price_change,0.1,BUY,-19,0.08,0.07
2026-01-04T17:08:45.883537Z,price_change,0.08,BUY,-49,0.07,0.07
2026-01-04T17:08:45.883537Z,price_change,0.07,BUY,49,0.07,0.07
2026-01-04T17:08:45.899905Z,price_change,0.07,BUY,-548,0.07,0.07
2026-01-04T17:08:45.905474Z,price_change,0.05,BUY,-649,0.07,0.07
2026-01-04T17:08:45.906587Z,price_change,0.01,BUY,578,0.07,0.07
2026-01-04T17:08:45.907718Z,price_change,0.02,BUY,601,0.07,0.07
2026-01-04T17:08:45.908834Z,price_change,0.03,BUY,167,0.07,0.07
2026-01-04T17:08:49.022408Z,price_change,0.55,SELL,-342,0.07,0.07
2026-01-04T17:08:49.197839Z,price_change,0.13,SELL,904,0.07,0.07
2026-01-04T17:08:50.514005Z,price_change,0.10999999999999999,SELL,-42,0.07,0.07
2026-01-04T17:08:50.883598Z,price_change,0.09999999999999998,SELL,2500,0.07,0.07
2026-01-04T17:08:50.911839Z,price_change,0.12,SELL,-1000,0.07,0.07
2026-01-04T17:08:50.915662Z,price_change,0.07,BUY,-49,0.07,0.07
2026-01-04T17:08:50.916125Z,price_change,0.08,BUY,35,0.08,0.07
2026-01-04T17:08:50.926264Z,price_change,0.09999999999999998,SELL,1000,0.08,0.07
2026-01-04T17:08:50.945165Z,price_change,0.08,BUY,-35,0.07,0.07
2026-01-04T17:08:50.945165Z,price_change,0.05,BUY,11,0.07,0.07
2026-01-04T17:08:54.001005Z,price_change,0.88,SELL,-3936,0.07,0.07
2026-01-04T17:08:54.001005Z,price_change,0.98,SELL,-15273,0.07,0.07
2026-01-04T17:08:55.330583Z,price_change,0.88,SELL,3361,0.07,0.07
2026-01-04T17:08:55.332338Z,price_change,0.98,SELL,27470,0.07,0.07
2026-01-04T17:08:55.366673Z,price_change,0.08,BUY,28,0.08,0.07
2026-01-04T17:08:55.392744Z,price_change,0.05,BUY,-11,0.08,0.07
2026-01-04T17:08:56.041275Z,price_change,0.09999999999999998,SELL,-56,0.08,0.07
2026-01-04T17:09:00.001624Z,price_change,0.94,SELL,-9302,0.08,0.07
2026-01-04T17:09:01.039162Z,price_change,0.94,SELL,9559,0.08,0.07
2026-01-04T17:09:01.886025Z,price_change,0.09999999999999998,SELL,-47,0.08,0.07
2026-01-04T17:09:04.661231Z,price_change,0.09999999999999998,SELL,-470,0.08,0.07
2026-01-04T17:09:06.282226Z,price_change,0.08,BUY,4,0.08,0.07
2026-01-04T17:09:08.000845Z,price_change,0.13,SELL,-722,0.08,0.07
2026-01-04T17:09:08.254503Z,price_change,0.09999999999999998,SELL,-188,0.08,0.07
2026-01-04T17:09:08.956438Z,price_change,0.13,SELL,826,0.08,0.07
2026-01-04T17:09:11.000372Z,price_change,0.64,SELL,-1076,0.08,0.07
2026-01-04T17:09:11.580062Z,price_change,0.6699999999999999,SELL,1145,0.08,0.07
2026-01-04T17:09:11.985807Z,price_change,0.09999999999999998,SELL,-94,0.08,0.07
2026-01-04T17:09:16.001313Z,price_change,0.7,SELL,-1625,0.08,0.07
2026-01-04T17:09:16.136543Z,price_change,0.13,SELL,25,0.08,0.07
2026-01-04T17:09:16.627227Z,price_change,0.73,SELL,1731,0.08,0.07
2026-01-04T17:09:16.874372Z,price_change,0.09999999999999998,SELL,-18,0.08,0.07
2026-01-04T17:09:21.682634Z,price_change,0.08,BUY,10,0.08,0.07
2026-01-04T17:09:22.680035Z,price_change,0.09999999999999998,SELL,-197,0.08,0.07
2026-01-04T17:09:22.893214Z,price_change,0.55,SELL,-44,0.08,0.07
2026-01-04T17:09:22.91901Z,price_change,0.55,SELL,44,0.08,0.07
2026-01-04T17:09:25.002064Z,price_change,0.08,BUY,-42,0.07,0.07
2026-01-04T17:09:25.831269Z,price_change,0.08,BUY,29,0.08,0.07
2026-01-04T17:09:27.701588Z,price_change,0.09999999999999998,SELL,-47,0.08,0.07
2026-01-04T17:09:28.00084Z,price_change,0.79,SELL,-2060,0.08,0.07
2026-01-04T17:09:30.175661Z,price_change,0.85,SELL,3266,0.08,0.07
2026-01-04T17:09:31.135442Z,price_change,0.19999999999999996,SELL,10000,0.08,0.07
2026-01-04T17:09:31.590434Z,price_change,0.73,SELL,-1731,0.08,0.07
2026-01-04T17:09:31.59195Z,price_change,0.6699999999999999,SELL,-1145,0.08,0.07
2026-01-04T17:09:31.593421Z,price_change,0.61,SELL,-569,0.08,0.07
2026-01-04T17:09:31.811758Z,price_change,0.18999999999999995,SELL,3479,0.08,0.07
2026-01-04T17:09:33.762673Z,price_change,0.13,SELL,-587,0.08,0.07
2026-01-04T17:09:39.177936Z,price_change,0.55,SELL,-44,0.08,0.07
2026-01-04T17:09:39.205883Z,price_change,0.55,SELL,44,0.08,0.07
2026-01-04T17:09:41.002071Z,price_change,0.13,SELL,-904,0.08,0.07
2026-01-04T17:09:42.431678Z,price_change,0.13,SELL,1365,0.08,0.07
2026-01-04T17:09:42.463806Z,price_change,0.08,BUY,-5,0.08,0.07
2026-01-04T17:09:44.328922Z,price_change,0.09999999999999998,SELL,-9,0.08,0.07
2026-01-04T17:09:46.001737Z,price_change,0.88,SELL,-3361,0.08,0.07
2026-01-04T17:09:46.604619Z,price_change,0.09999999999999998,SELL,-94,0.08,0.07
2026-01-04T17:09:49.373168Z,price_change,0.09999999999999998,SELL,-470,0.08,0.07
2026-01-04T17:09:53.000653Z,price_change,0.98,SELL,-27470,0.08,0.07
2026-01-04T17:09:53.949977Z,price_change,0.98,SELL,23475,0.08,0.07
2026-01-04T17:09:56.751828Z,price_change,0.09999999999999998,SELL,-2,0.08,0.07
2026-01-04T17:09:58.332907Z,price_change,0.08,BUY,6,0.08,0.07
2026-01-04T17:09:58.415109Z,price_change,0.12,SELL,-1591,0.08,0.07
2026-01-04T17:09:58.415109Z,price_change,0.09999999999999998,SELL,1591,0.08,0.07
2026-01-04T17:09:59.000356Z,price_change,0.94,SELL,-9559,0.08,0.07
2026-01-04T17:10:00.05138Z,price_change,0.94,SELL,9948,0.08,0.07
2026-01-04T17:10:03.000302Z,price_change,0.13,SELL,-239,0.08,0.07
2026-01-04T17:10:04.174915Z,price_change,0.09999999999999998,SELL,-47,0.08,0.07
2026-01-04T17:10:05.00039Z,price_change,0.08,BUY,-30,0.07,0.07
2026-01-04T17:10:05.110266Z,price_change,0.09999999999999998,SELL,-186,0.07,0.07
2026-01-04T17:10:05.872997Z,price_change,0.08,BUY,25,0.08,0.07
2026-01-04T17:10:07.003076Z,price_change,0.10999999999999999,SELL,-2280,0.08,0.07
2026-01-04T17:10:07.003076Z,price_change,0.08999999999999997,SELL,2280,0.08,0.07
2026-01-04T17:10:07.047534Z,price_change,0.10999999999999999,SELL,-455,0.08,0.07
2026-01-04T17:10:07.047534Z,price_change,0.08999999999999997,SELL,455,0.08,0.07
2026-01-04T17:10:11.465855Z,price_change,0.09999999999999998,SELL,-1000,0.08,0.07
2026-01-04T17:10:11.480458Z,price_change,0.08999999999999997,SELL,1000,0.08,0.07
2026-01-04T17:10:12.267192Z,price_change,0.08,BUY,2,0.08,0.07
2026-01-04T17:10:13.792245Z,price_change,0.55,SELL,-44,0.08,0.07
2026-01-04T17:10:13.817034Z,price_change,0.55,SELL,44,0.08,0.07
2026-01-04T17:10:16.217912Z,price_change,0.08999999999999997,SELL,-1,0.08,0.07
2026-01-04T17:10:16.953528Z,price_change,0.09999999999999998,SELL,-1591,0.08,0.07
2026-01-04T17:10:21.525725Z,price_change,0.09999999999999998,SELL,-575,0.08,0.07
2026-01-04T17:10:21.567529Z,price_change,0.08999999999999997,SELL,-1000,0.08,0.07
2026-01-04T17:10:21.581022Z,price_change,0.09999999999999998,SELL,1000,0.08,0.07
2026-01-04T17:10:26.000185Z,price_change,0.85,SELL,-3266,0.08,0.07
2026-01-04T17:10:26.943896Z,price_change,0.85,SELL,2685,0.08,0.07
2026-01-04T17:10:28.972799Z,price_change,0.08999999999999997,SELL,-83,0.08,0.07
2026-01-04T17:10:29.034624Z,price_change,0.08,BUY,-8,0.08,0.07
2026-01-04T17:10:30.003832Z,price_change,0.18999999999999995,SELL,-3479,0.08,0.07
2026-01-04T17:10:30.283224Z,price_change,0.13,SELL,-670,0.08,0.07
2026-01-04T17:10:30.306918Z,price_change,0.08999999999999997,SELL,-20,0.08,0.07
2026-01-04T17:10:31.223548Z,price_change,0.13,SELL,473,0.08,0.07
2026-01-04T17:10:31.225135Z,price_change,0.18999999999999995,SELL,3867,0.08,0.07
2026-01-04T17:10:32.736346Z,price_change,0.08,BUY,4,0.08,0.07
2026-01-04T17:10:32.894641Z,price_change,0.08999999999999997,SELL,-20,0.08,0.07
2026-01-04T17:10:33.000471Z,price_change,0.13,SELL,-695,0.08,0.07
2026-01-04T17:10:33.420212Z,price_change,0.08999999999999997,SELL,-52,0.08,0.07
2026-01-04T17:10:33.761514Z,price_change,0.13,SELL,983,0.08,0.07
2026-01-04T17:10:35.00143Z,price_change,0.08,BUY,-23,0.07,0.07
2026-01-04T17:10:35.867716Z,price_change,0.08999999999999997,SELL,-107,0.07,0.07
2026-01-04T17:10:35.894651Z,price_change,0.08,BUY,28,0.08,0.07
2026-01-04T17:10:42.406753Z,price_change,0.06,BUY,-250,0.08,0.07
2026-01-04T17:10:42.420702Z,price_change,0.03,BUY,250,0.08,0.07
2026-01-04T17:10:43.137108Z,price_change,0.08999999999999997,SELL,-100,0.08,0.07
2026-01-04T17:10:44.001852Z,price_change,0.98,SELL,-23475,0.08,0.07
2026-01-04T17:10:44.844108Z,price_change,0.98,SELL,17807,0.08,0.07
2026-01-04T17:10:45.17461Z,price_change,0.08999999999999997,SELL,-5,0.08,0.07
2026-01-04T17:10:45.239039Z,price_change,0.08,BUY,10,0.08,0.07
2026-01-04T17:10:50.131513Z,price_change,0.08999999999999997,SELL,-52,0.08,0.07
2026-01-04T17:10:54.289698Z,price_change,0.08,BUY,200,0.08,0.07
2026-01-04T17:10:54.519823Z,price_change,0.03,BUY,-250,0.08,0.07
2026-01-04T17:10:54.534616Z,price_change,0.06,BUY,250,0.08,0.07
2026-01-04T17:10:54.631486Z,price_change,0.08,BUY,-13,0.08,0.07
2026-01-04T17:10:55.969998Z,price_change,0.08999999999999997,SELL,-52,0.08,0.07
2026-01-04T17:10:56.000142Z,price_change,0.94,SELL,-9948,0.08,0.07
2026-01-04T17:10:57.546244Z,price_change,0.94,SELL,9529,0.08,0.07
2026-01-04T17:11:00.949752Z,price_change,0.08,BUY,-25,0.08,0.07
2026-01-04T17:11:00.949752Z,price_change,0.08,BUY,-13,0.08,0.07
2026-01-04T17:11:00.978742Z,price_change,0.08,BUY,26,0.08,0.07
2026-01-04T17:11:05.425426Z,price_change,0.08999999999999997,SELL,-1788,0.08,0.07
2026-01-04T17:11:05.425426Z,price_change,0.13,SELL,1788,0.08,0.07
2026-01-04T17:11:05.445145Z,price_change,0.06,BUY,-250,0.08,0.07
2026-01-04T17:11:05.462257Z,price_change,0.04,BUY,250,0.08,0.07
2026-01-04T17:11:05.828774Z,price_change,0.04,BUY,-250,0.08,0.07
2026-01-04T17:11:05.84592Z,price_change,0.06,BUY,250,0.08,0.07
2026-01-04T17:11:06.881052Z,price_change,0.12,SELL,251,0.08,0.07
2026-01-04T17:11:06.901641Z,price_change,0.09999999999999998,SELL,-1000,0.08,0.07
2026-01-04T17:11:06.919166Z,price_change,0.08999999999999997,SELL,1000,0.08,0.07
2026-01-04T17:11:07.73385Z,price_change,0.08,BUY,-3,0.08,0.07
2026-01-04T17:11:08.952714Z,price_change,0.08999999999999997,SELL,-8,0.08,0.07
2026-01-04T17:11:09.440056Z,price_change,0.08,BUY,-5,0.08,0.07
2026-01-04T17:11:11.01937Z,price_change,0.08999999999999997,SELL,-20,0.08,0.07
2026-01-04T17:11:12.834785Z,price_change,0.12,SELL,-124,0.08,0.07
2026-01-04T17:11:12.871224Z,price_change,0.13,SELL,-560,0.08,0.07
2026-01-04T17:11:12.923114Z,price_change,0.08999999999999997,SELL,-52,0.08,0.07
2026-01-04T17:11:13.916868Z,price_change,0.12,SELL,128,0.08,0.07
2026-01-04T17:11:14.689052Z,price_change,0.08,BUY,-187,0.08,0.07
2026-01-04T17:11:14.689052Z,price_change,0.08,BUY,-18,0.07,0.07
2026-01-04T17:11:14.689052Z,price_change,0.07999999999999996,SELL,8,0.07,0.07
2026-01-04T17:11:14.744262Z,price_change,0.07,BUY,46,0.07,0.07
2026-01-04T17:11:16.000735Z,price_change,0.85,SELL,-2685,0.07,0.07
2026-01-04T17:11:16.02141Z,price_change,0.06,BUY,-250,0.07,0.07
2026-01-04T17:11:16.037742Z,price_change,0.04,BUY,250,0.07,0.07
2026-01-04T17:11:16.1294Z,price_change,0.04,BUY,-250,0.07,0.07
2026-01-04T17:11:17.392298Z,price_change,0.85,SELL,2295,0.07,0.07
2026-01-04T17:11:18.163627Z,price_change,0.07,BUY,-2,0.07,0.07
2026-01-04T17:11:18.185361Z,price_change,0.05,BUY,250,0.07,0.07
2026-01-04T17:11:21.719725Z,price_change,0.07999999999999996,SELL,-8,0.07,0.07
2026-01-04T17:11:21.719725Z,price_change,0.08999999999999997,SELL,-24,0.07,0.07
2026-01-04T17:11:25.001421Z,price_change,0.13,SELL,-473,0.07,0.07
2026-01-04T17:11:26.002031Z,price_change,0.18999999999999995,SELL,-3867,0.07,0.07
2026-01-04T17:11:26.486905Z,price_change,0.13,SELL,639,0.07,0.07
2026-01-04T17:11:27.182432Z,price_change,0.08999999999999997,SELL,-351,0.07,0.07
