timestamp,event_type,price,side,size,best_bid,best_ask
,book,0.5300,BUY,2959,0.5300,0.54
,book,0.54,SELL,1000,0.5300,0.54
2026-01-04T15:09:21.96016Z,price_change,0.54,SELL,-4,0.53,0.54
2026-01-04T15:09:21.992761Z,price_change,0.5900000000000001,SELL,-700,0.53,0.54
2026-01-04T15:09:23.967618Z,price_change,0.5,BUY,500,0.53,0.54
2026-01-04T15:09:26.568837Z,price_change,0.54,SELL,4,0.53,0.54
2026-01-04T15:09:27.743162Z,price_change,0.52,BUY,-50,0.53,0.54
,book,0.5300,BUY,2959,0.5300,0.54
,book,0.54,SELL,1000,0.5300,0.54
2026-01-04T15:10:11.346122Z,price_change,0.54,SELL,-178,0.53,0.54
,book,0.5500,BUY,8930,0.5500,0.56
,book,0.56,SELL,9017,0.5500,0.56
,book,0.5500,BUY,8346,0.5500,0.56
,book,0.56,SELL,3656,0.5500,0.56
,book,0.5500,BUY,8556,0.5500,0.57
,book,0.57,SELL,1381,0.5500,0.57
2026-01-04T15:45:06.744072Z,price_change,0.5800000000000001,SELL,100,0.55,0.57
2026-01-04T15:45:06.746784Z,price_change,0.5700000000000001,SELL,-100,0.55,0.57
2026-01-04T15:45:06.774621Z,price_change,0.61,SELL,-750,0.55,0.57
2026-01-04T15:45:06.774621Z,price_change,0.62,SELL,334,0.55,0.57
2026-01-04T15:45:06.859163Z,price_change,0.5700000000000001,SELL,-403,0.55,0.57
2026-01-04T15:45:06.922127Z,price_change,0.5700000000000001,SELL,-100,0.55,0.57
2026-01-04T15:45:06.922127Z,price_change,0.5800000000000001,SELL,100,0.55,0.57
2026-01-04T15:45:06.981864Z,price_change,0.5800000000000001,SELL,403,0.55,0.57
2026-01-04T15:45:07.078705Z,price_change,0.5800000000000001,SELL,-64,0.55,0.57
2026-01-04T15:45:07.120377Z,price_change,0.5900000000000001,SELL,2078,0.55,0.57
2026-01-04T15:45:09.64074Z,price_change,0.5700000000000001,SELL,-2,0.55,0.57
2026-01-04T15:45:09.666668Z,price_change,0.62,SELL,-282,0.55,0.57
2026-01-04T15:45:11.238774Z,price_change,0.5700000000000001,SELL,1752,0.55,0.57
2026-01-04T15:45:11.307516Z,price_change,0.5800000000000001,SELL,-100,0.55,0.57
2026-01-04T15:45:11.307516Z,price_change,0.5700000000000001,SELL,100,0.55,0.57
2026-01-04T15:45:11.35375Z,price_change,0.5800000000000001,SELL,-403,0.55,0.57
2026-01-04T15:45:11.474368Z,price_change,0.5700000000000001,SELL,403,0.55,0.57
2026-01-04T15:45:16.583288Z,price_change,0.5,BUY,-750,0.55,0.57
2026-01-04T15:45:16.612027Z,price_change,0.62,SELL,-52,0.55,0.57
2026-01-04T15:45:19.378442Z,price_change,0.55,BUY,-553,0.55,0.57
2026-01-04T15:45:19.398841Z,price_change,0.55,BUY,-111,0.55,0.57
2026-01-04T15:45:24.94198Z,price_change,0.26,BUY,-200,0.55,0.57
2026-01-04T15:45:29.336867Z,price_change,0.5800000000000001,SELL,-25000,0.55,0.57
2026-01-04T15:45:29.336867Z,price_change,0.5700000000000001,SELL,25000,0.55,0.57
2026-01-04T15:45:29.800943Z,price_change,0.5800000000000001,SELL,-50,0.55,0.57
2026-01-04T15:45:33.790034Z,price_change,0.5800000000000001,SELL,50,0.55,0.57
2026-01-04T15:45:35.344017Z,price_change,0.5700000000000001,SELL,-1,0.55,0.57
2026-01-04T15:45:37.124846Z,price_change,0.5700000000000001,SELL,-7,0.55,0.57
2026-01-04T15:46:24.404984Z,price_change,0.5800000000000001,SELL,-50,0.55,0.57
2026-01-04T15:46:39.579073Z,price_change,0.5800000000000001,SELL,50,0.55,0.57
2026-01-04T15:46:42.522269Z,price_change,0.26,BUY,156,0.55,0.57
2026-01-04T15:46:44.544251Z,price_change,0.5700000000000001,SELL,-620,0.55,0.57
2026-01-04T15:46:44.544251Z,price_change,0.5700000000000001,SELL,-48,0.55,0.57
2026-01-04T15:46:44.544251Z,price_change,0.5700000000000001,SELL,-100,0.55,0.57
2026-01-04T15:46:44.544251Z,price_change,0.5700000000000001,SELL,-1752,0.55,0.57
2026-01-04T15:46:44.544251Z,price_change,0.5700000000000001,SELL,-100,0.55,0.57
2026-01-04T15:46:44.544251Z,price_change,0.5700000000000001,SELL,-403,0.55,0.57
2026-01-04T15:46:44.544251Z,price_change,0.5700000000000001,SELL,-25000,0.55,0.57
2026-01-04T15:46:44.562544Z,price_change,0.78,SELL,301,0.55,0.57
2026-01-04T15:46:44.567027Z,price_change,0.5,BUY,750,0.55,0.57
2026-01-04T15:46:44.569884Z,price_change,0.62,SELL,750,0.55,0.57
2026-01-04T15:46:44.600901Z,price_change,0.5700000000000001,SELL,622,0.55,0.57
2026-01-04T15:46:44.633949Z,price_change,0.5800000000000001,SELL,100,0.55,0.57
2026-01-04T15:46:44.71136Z,price_change,0.5700000000000001,SELL,48,0.55,0.57
2026-01-04T15:46:44.755801Z,price_change,0.5700000000000001,SELL,-560,0.55,0.57
2026-01-04T15:46:45.429004Z,price_change,0.6,SELL,5056,0.55,0.57
2026-01-04T15:46:45.482943Z,price_change,0.5700000000000001,SELL,-62,0.55,0.57
2026-01-04T15:46:45.48432Z,price_change,0.5700000000000001,SELL,-48,0.55,0.57
2026-01-04T15:46:45.581184Z,price_change,0.6,SELL,-134,0.55,0.57
2026-01-04T15:46:45.673944Z,price_change,0.5900000000000001,SELL,-98,0.55,0.57
2026-01-04T15:46:46.014601Z,price_change,0.5900000000000001,SELL,100,0.55,0.57
2026-01-04T15:46:46.099238Z,price_change,0.56,BUY,30,0.56,0.57
2026-01-04T15:46:47.436112Z,price_change,0.5800000000000001,SELL,35,0.56,0.57
2026-01-04T15:46:47.45744Z,price_change,0.5800000000000001,SELL,-50,0.56,0.57
2026-01-04T15:46:47.45744Z,price_change,0.5900000000000001,SELL,50,0.56,0.57
2026-01-04T15:46:52.630045Z,price_change,0.5800000000000001,SELL,-33,0.56,0.57
2026-01-04T15:46:52.659948Z,price_change,0.62,SELL,-729,0.56,0.57
2026-01-04T15:46:52.681024Z,price_change,0.5800000000000001,SELL,-100,0.56,0.57
2026-01-04T15:46:52.681024Z,price_change,0.5900000000000001,SELL,100,0.56,0.57
2026-01-04T15:46:54.212937Z,price_change,0.6,SELL,135,0.56,0.57
2026-01-04T15:47:21.168103Z,price_change,0.6,SELL,-135,0.56,0.57
2026-01-04T15:47:21.314722Z,price_change,0.6,SELL,-845,0.56,0.57
2026-01-04T15:47:23.098988Z,price_change,0.6,SELL,980,0.56,0.57
2026-01-04T15:47:24.808035Z,price_change,0.5800000000000001,SELL,-100,0.56,0.57
2026-01-04T15:47:24.808491Z,price_change,0.5900000000000001,SELL,100,0.56,0.57
2026-01-04T15:47:24.833149Z,price_change,0.5,BUY,-750,0.56,0.57
2026-01-04T15:47:24.833149Z,price_change,0.51,BUY,750,0.56,0.57
2026-01-04T15:47:25.006418Z,price_change,0.51,BUY,-500,0.56,0.57
2026-01-04T15:48:20.747906Z,price_change,0.51,BUY,500,0.56,0.57
2026-01-04T15:48:22.252368Z,price_change,0.6,SELL,-980,0.56,0.57
2026-01-04T15:48:25.087068Z,price_change,0.6,SELL,980,0.56,0.57
2026-01-04T15:48:29.739955Z,price_change,0.5800000000000001,SELL,10,0.56,0.57
2026-01-04T15:48:29.76808Z,price_change,0.62,SELL,12,0.56,0.57
2026-01-04T15:48:29.786962Z,price_change,0.6,SELL,-4077,0.56,0.57
2026-01-04T15:48:29.78801Z,price_change,0.6,SELL,-980,0.56,0.57
2026-01-04T15:48:35.22042Z,price_change,0.6,SELL,5057,0.56,0.57
2026-01-04T15:48:35.262751Z,price_change,0.5800000000000001,SELL,-10,0.56,0.57
2026-01-04T15:48:36.5648Z,price_change,0.5700000000000001,SELL,16,0.56,0.57
2026-01-04T15:48:36.603447Z,price_change,0.6,SELL,-5057,0.56,0.57
2026-01-04T15:48:36.745877Z,price_change,0.56,BUY,-30,0.55,0.57
2026-01-04T15:48:36.87632Z,price_change,0.5900000000000001,SELL,-50,0.55,0.57
2026-01-04T15:48:36.87632Z,price_change,0.5800000000000001,SELL,50,0.55,0.57
2026-01-04T15:48:37.626985Z,price_change,0.6,SELL,5057,0.55,0.57
2026-01-04T15:48:37.669409Z,price_change,0.5700000000000001,SELL,-16,0.55,0.57
2026-01-04T15:48:38.291244Z,price_change,0.5800000000000001,SELL,501,0.55,0.57
2026-01-04T15:48:38.333731Z,price_change,0.6,SELL,-5057,0.55,0.57
2026-01-04T15:48:38.36262Z,price_change,0.5900000000000001,SELL,-100,0.55,0.57
2026-01-04T15:48:38.36262Z,price_change,0.5800000000000001,SELL,100,0.55,0.57
2026-01-04T15:48:40.632867Z,price_change,0.5800000000000001,SELL,-50,0.55,0.57
2026-01-04T15:48:40.632867Z,price_change,0.5900000000000001,SELL,50,0.55,0.57
2026-01-04T15:49:31.78795Z,price_change,0.5800000000000001,SELL,25000,0.55,0.57
2026-01-04T15:49:33.003718Z,price_change,0.51,BUY,-500,0.55,0.57
2026-01-04T15:49:44.402195Z,price_change,0.55,BUY,517,0.55,0.57
2026-01-04T15:49:44.413978Z,price_change,0.55,BUY,98,0.55,0.57
2026-01-04T15:49:59.816505Z,price_change,0.51,BUY,500,0.55,0.57
2026-01-04T15:50:38.07522Z,price_change,0.5900000000000001,SELL,-50,0.55,0.57
2026-01-04T15:50:59.716294Z,price_change,0.5900000000000001,SELL,50,0.55,0.57
2026-01-04T15:51:20.004356Z,price_change,0.51,BUY,-500,0.55,0.57
2026-01-04T15:51:26.376434Z,price_change,0.6,SELL,119,0.55,0.57
2026-01-04T15:51:26.513502Z,price_change,0.6,SELL,600,0.55,0.57
2026-01-04T15:51:29.52433Z,price_change,0.5900000000000001,SELL,-614,0.55,0.57
2026-01-04T15:51:41.159348Z,price_change,0.5800000000000001,SELL,-232,0.55,0.57
2026-01-04T15:51:41.329796Z,price_change,0.5800000000000001,SELL,-287,0.55,0.57
2026-01-04T15:52:12.84656Z,price_change,0.51,BUY,500,0.55,0.57
2026-01-04T15:52:30.757762Z,price_change,0.5800000000000001,SELL,-10,0.55,0.57
2026-01-04T15:53:53.275571Z,price_change,0.5800000000000001,SELL,-487,0.55,0.57
2026-01-04T15:53:58.936453Z,price_change,0.54,BUY,50,0.55,0.57
2026-01-04T15:54:32.653492Z,price_change,0.54,BUY,-50,0.55,0.57
2026-01-04T15:54:41.907553Z,price_change,0.5800000000000001,SELL,-100,0.55,0.57
2026-01-04T15:54:42.068336Z,price_change,0.56,BUY,102,0.56,0.57
2026-01-04T15:54:42.068456Z,price_change,0.5800000000000001,SELL,-7,0.56,0.57
2026-01-04T15:54:42.338153Z,price_change,0.53,BUY,-75,0.56,0.57
2026-01-04T15:55:12.008977Z,price_change,0.51,BUY,-500,0.56,0.57
2026-01-04T15:55:28.287748Z,price_change,0.5900000000000001,SELL,-50,0.56,0.57
2026-01-04T15:55:31.092233Z,price_change,0.5800000000000001,SELL,-8,0.56,0.57
2026-01-04T15:55:41.520823Z,price_change,0.5900000000000001,SELL,50,0.56,0.57
2026-01-04T15:55:44.797345Z,price_change,0.5800000000000001,SELL,-41,0.56,0.57
2026-01-04T15:55:44.937613Z,price_change,0.55,BUY,-200,0.56,0.57
2026-01-04T15:55:44.960681Z,price_change,0.56,BUY,200,0.56,0.57
2026-01-04T15:55:44.995863Z,price_change,0.5800000000000001,SELL,-151,0.56,0.57
2026-01-04T15:55:45.02928Z,price_change,0.5900000000000001,SELL,200,0.56,0.57
2026-01-04T15:55:57.191996Z,price_change,0.5800000000000001,SELL,-14,0.56,0.57
2026-01-04T15:56:13.983099Z,price_change,0.51,BUY,500,0.56,0.57
2026-01-04T15:56:35.477834Z,price_change,0.5800000000000001,SELL,-1,0.56,0.57
2026-01-04T15:57:42.449163Z,price_change,0.5800000000000001,SELL,-20,0.56,0.57
2026-01-04T15:57:45.375529Z,price_change,0.5800000000000001,SELL,-15000,0.56,0.57
2026-01-04T15:57:52.69881Z,price_change,0.5900000000000001,SELL,25000,0.56,0.57
2026-01-04T15:59:10.736942Z,price_change,0.5800000000000001,SELL,-14,0.56,0.57
2026-01-04T15:59:10.736942Z,price_change,0.5800000000000001,SELL,-100,0.56,0.57
2026-01-04T15:59:10.736942Z,price_change,0.5800000000000001,SELL,-49,0.56,0.57
2026-01-04T15:59:10.761184Z,price_change,0.62,SELL,-33,0.56,0.57
2026-01-04T15:59:13.005381Z,price_change,0.51,BUY,-500,0.56,0.57
2026-01-04T15:59:17.678477Z,price_change,0.5800000000000001,SELL,-334,0.56,0.57
2026-01-04T15:59:22.739766Z,price_change,0.5800000000000001,SELL,-16,0.56,0.57
2026-01-04T15:59:24.025138Z,price_change,0.5800000000000001,SELL,-50,0.56,0.57
2026-01-04T15:59:46.422373Z,price_change,0.5800000000000001,SELL,-25,0.56,0.57
2026-01-04T15:59:59.000611Z,price_change,0.51,BUY,-500,0.56,0.57
2026-01-04T16:00:00.188729Z,price_change,0.5900000000000001,SELL,-200,0.56,0.57
2026-01-04T16:00:00.393723Z,price_change,0.56,BUY,-200,0.56,0.57
2026-01-04T16:00:00.595107Z,price_change,0.57,BUY,74,0.57,0.57
2026-01-04T16:00:00.866054Z,price_change,0.54,BUY,-40,0.57,0.57
2026-01-04T16:00:01.00477Z,price_change,0.57,BUY,30,0.57,0.57
2026-01-04T16:00:01.999132Z,price_change,0.57,BUY,-30,0.57,0.57
2026-01-04T16:00:09.352891Z,price_change,0.51,BUY,500,0.57,0.57
2026-01-04T16:00:11.33994Z,price_change,0.57,BUY,30,0.57,0.57
2026-01-04T16:00:11.34108Z,price_change,0.6,SELL,100,0.57,0.57
2026-01-04T16:00:18.648344Z,price_change,0.5800000000000001,SELL,-25,0.57,0.57
2026-01-04T16:00:21.485372Z,price_change,0.55,BUY,100,0.57,0.57
2026-01-04T16:00:25.1478Z,price_change,0.51,BUY,500,0.57,0.57
2026-01-04T16:00:25.165064Z,price_change,0.26,BUY,-156,0.57,0.57
2026-01-04T16:00:31.772882Z,price_change,0.5800000000000001,SELL,-9501,0.57,0.57
2026-01-04T16:00:31.793091Z,price_change,0.26,BUY,193,0.57,0.57
2026-01-04T16:00:31.802274Z,price_change,0.62,SELL,183,0.57,0.57
2026-01-04T16:00:32.137716Z,price_change,0.57,BUY,-30,0.57,0.57
2026-01-04T16:00:32.236329Z,price_change,0.57,BUY,30,0.57,0.57
2026-01-04T16:00:32.243857Z,price_change,0.61,SELL,100,0.57,0.57
2026-01-04T16:00:33.711633Z,price_change,0.5900000000000001,SELL,-50,0.57,0.57
2026-01-04T16:00:33.711633Z,price_change,0.6,SELL,50,0.57,0.57
2026-01-04T16:00:37.820291Z,price_change,0.5900000000000001,SELL,-21,0.57,0.57
2026-01-04T16:00:42.833393Z,price_change,0.5900000000000001,SELL,14,0.57,0.57
2026-01-04T16:00:50.086291Z,price_change,0.6,SELL,5064,0.57,0.57
2026-01-04T16:00:50.133094Z,price_change,0.5900000000000001,SELL,-44,0.57,0.57
2026-01-04T16:01:01.135843Z,price_change,0.6,SELL,-100,0.57,0.57
2026-01-04T16:01:01.137752Z,price_change,0.5900000000000001,SELL,-100,0.57,0.57
2026-01-04T16:01:01.139391Z,price_change,0.61,SELL,-100,0.57,0.57
2026-01-04T16:01:01.288899Z,price_change,0.6,SELL,-914,0.57,0.57
2026-01-04T16:01:01.296822Z,price_change,0.57,BUY,-30,0.57,0.57
2026-01-04T16:01:01.40517Z,price_change,0.5900000000000001,SELL,40,0.57,0.57
2026-01-04T16:01:01.408619Z,price_change,0.6,SELL,75,0.57,0.57
2026-01-04T16:01:01.409297Z,price_change,0.57,BUY,30,0.57,0.57
2026-01-04T16:01:01.946616Z,price_change,0.5900000000000001,SELL,-1313,0.57,0.57
2026-01-04T16:01:10.716646Z,price_change,0.6,SELL,-1293,0.57,0.57
2026-01-04T16:01:11.659119Z,price_change,0.61,SELL,100,0.57,0.57
2026-01-04T16:01:34.652149Z,price_change,0.78,SELL,-301,0.57,0.57
2026-01-04T16:01:34.655602Z,price_change,0.79,SELL,-674,0.57,0.57
2026-01-04T16:01:34.656699Z,price_change,0.26,BUY,-193,0.57,0.57
2026-01-04T16:01:34.65879Z,price_change,0.28,BUY,-389,0.57,0.57
2026-01-04T16:01:34.659935Z,price_change,0.27,BUY,-478,0.57,0.57
2026-01-04T16:01:39.108958Z,price_change,0.29,BUY,641,0.57,0.57
2026-01-04T16:01:39.110101Z,price_change,0.32,BUY,320,0.57,0.57
2026-01-04T16:01:41.343049Z,price_change,0.6,SELL,-980,0.57,0.57
2026-01-04T16:01:41.611975Z,price_change,0.5900000000000001,SELL,1000,0.57,0.57
2026-01-04T16:01:42.784564Z,price_change,0.6,SELL,980,0.57,0.57
2026-01-04T16:02:42.185721Z,price_change,0.6,SELL,-980,0.57,0.57
2026-01-04T16:02:42.714173Z,price_change,0.32,BUY,-320,0.57,0.57
2026-01-04T16:02:42.716943Z,price_change,0.29,BUY,-641,0.57,0.57
2026-01-04T16:02:42.718015Z,price_change,0.27,BUY,547,0.57,0.57
2026-01-04T16:02:42.719356Z,price_change,0.28,BUY,507,0.57,0.57
2026-01-04T16:02:43.949908Z,price_change,0.6,SELL,980,0.57,0.57
2026-01-04T16:03:09.000334Z,price_change,0.51,BUY,-500,0.57,0.57
2026-01-04T16:03:13.575343Z,price_change,0.5900000000000001,SELL,-1,0.57,0.57
2026-01-04T16:03:43.218911Z,price_change,0.6,SELL,-980,0.57,0.57
2026-01-04T16:03:44.240751Z,price_change,0.5900000000000001,SELL,-1,0.57,0.57
2026-01-04T16:03:45.613387Z,price_change,0.6,SELL,980,0.57,0.57
2026-01-04T16:03:56.963381Z,price_change,0.51,BUY,500,0.57,0.57
2026-01-04T16:04:21.393935Z,price_change,0.5900000000000001,SELL,-8,0.57,0.57
2026-01-04T16:04:45.189484Z,price_change,0.6,SELL,-980,0.57,0.57
2026-01-04T16:04:46.975682Z,price_change,0.6,SELL,980,0.57,0.57
2026-01-04T16:05:11.84123Z,price_change,0.5900000000000001,SELL,-16,0.57,0.57
2026-01-04T16:05:15.067363Z,price_change,0.5900000000000001,SELL,-163,0.57,0.57
2026-01-04T16:05:46.21922Z,price_change,0.6,SELL,-980,0.57,0.57
2026-01-04T16:05:48.359391Z,price_change,0.6,SELL,980,0.57,0.57
2026-01-04T16:05:56.828594Z,price_change,0.6,SELL,1000,0.57,0.57
2026-01-04T16:05:58.249071Z,price_change,0.6,SELL,-980,0.57,0.57
2026-01-04T16:06:09.202444Z,price_change,0.5900000000000001,SELL,-8,0.57,0.57
2026-01-04T16:06:11.951972Z,price_change,0.6,SELL,-75,0.57,0.57
2026-01-04T16:06:11.954397Z,price_change,0.5900000000000001,SELL,-40,0.57,0.57
2026-01-04T16:06:12.106851Z,price_change,0.61,SELL,-100,0.57,0.57
2026-01-04T16:06:12.267331Z,price_change,0.6,SELL,75,0.57,0.57
2026-01-04T16:06:12.269858Z,price_change,0.61,SELL,100,0.57,0.57
2026-01-04T16:06:12.477458Z,price_change,0.5900000000000001,SELL,-163,0.57,0.57
2026-01-04T16:06:16.757021Z,price_change,0.57,BUY,-30,0.57,0.57
2026-01-04T16:06:16.959672Z,price_change,0.57,BUY,30,0.57,0.57
2026-01-04T16:06:25.226473Z,price_change,0.5900000000000001,SELL,-100,0.57,0.57
2026-01-04T16:06:29.804256Z,price_change,0.5900000000000001,SELL,-1,0.57,0.57
2026-01-04T16:06:35.129922Z,price_change,0.5900000000000001,SELL,-852,0.57,0.57
2026-01-04T16:06:50.335424Z,price_change,0.5900000000000001,SELL,-3,0.57,0.57
2026-01-04T16:06:52.480739Z,price_change,0.5900000000000001,SELL,10000,0.57,0.57
2026-01-04T16:06:52.504486Z,price_change,0.62,SELL,-183,0.57,0.57
2026-01-04T16:06:56.003378Z,price_change,0.51,BUY,-500,0.57,0.57
2026-01-04T16:07:57.299848Z,price_change,0.52,BUY,500,0.57,0.57
2026-01-04T16:08:24.054368Z,price_change,0.54,BUY,-84,0.57,0.57
2026-01-04T16:08:25.845129Z,price_change,0.54,BUY,82,0.57,0.57
2026-01-04T16:08:28.862705Z,price_change,0.54,BUY,-82,0.57,0.57
2026-01-04T16:08:34.860316Z,price_change,0.54,BUY,82,0.57,0.57
2026-01-04T16:08:57.934877Z,price_change,0.5900000000000001,SELL,-16,0.57,0.57
2026-01-04T16:09:00.691884Z,price_change,0.5900000000000001,SELL,-5,0.57,0.57
2026-01-04T16:09:29.952621Z,price_change,0.5900000000000001,SELL,-57,0.57,0.57
2026-01-04T16:09:33.740559Z,price_change,0.5900000000000001,SELL,-5,0.57,0.57
2026-01-04T16:10:25.000851Z,price_change,0.51,BUY,-500,0.57,0.57
2026-01-04T16:10:37.592019Z,price_change,0.5900000000000001,SELL,-22,0.57,0.57
2026-01-04T16:10:50.213751Z,price_change,0.52,BUY,500,0.57,0.57
2026-01-04T16:10:50.978564Z,price_change,0.33,BUY,6,0.57,0.57
2026-01-04T16:10:57.000019Z,price_change,0.52,BUY,-500,0.57,0.57
2026-01-04T16:10:57.838425Z,price_change,0.5900000000000001,SELL,-10,0.57,0.57
2026-01-04T16:11:15.132433Z,price_change,0.5900000000000001,SELL,-1000,0.57,0.57
2026-01-04T16:11:20.863935Z,price_change,0.57,BUY,-30,0.57,0.57
2026-01-04T16:11:20.968059Z,price_change,0.5900000000000001,SELL,13,0.57,0.57
2026-01-04T16:11:20.9828Z,price_change,0.57,BUY,30,0.57,0.57
2026-01-04T16:11:21.808212Z,price_change,0.5900000000000001,SELL,-41,0.57,0.57
2026-01-04T16:11:30.092046Z,price_change,0.5900000000000001,SELL,7622,0.57,0.57
2026-01-04T16:11:30.092184Z,price_change,0.6,SELL,-7812,0.57,0.57
2026-01-04T16:11:30.161606Z,price_change,0.6,SELL,1105,0.57,0.57
2026-01-04T16:11:59.628686Z,price_change,0.52,BUY,500,0.57,0.57
2026-01-04T16:12:42.301615Z,price_change,0.5900000000000001,SELL,-16,0.57,0.57
2026-01-04T16:13:08.070266Z,price_change,0.5900000000000001,SELL,-491,0.57,0.57
2026-01-04T16:13:32.383251Z,price_change,0.5900000000000001,SELL,-163,0.57,0.57
2026-01-04T16:14:59.000422Z,price_change,0.52,BUY,-500,0.57,0.57
2026-01-04T16:15:15.776504Z,price_change,0.5900000000000001,SELL,-13,0.57,0.57
2026-01-04T16:15:20.493645Z,price_change,0.54,BUY,-82,0.57,0.57
2026-01-04T16:15:20.494466Z,price_change,0.5900000000000001,SELL,-82,0.57,0.57
2026-01-04T16:15:21.546121Z,price_change,0.6,SELL,-135,0.57,0.57
2026-01-04T16:15:56.22263Z,price_change,0.5900000000000001,SELL,-32,0.57,0.57
2026-01-04T16:16:06.112941Z,price_change,0.52,BUY,500,0.57,0.57
2026-01-04T16:16:34.55919Z,price_change,0.5900000000000001,SELL,-32,0.57,0.57
2026-01-04T16:16:43.139952Z,price_change,0.5900000000000001,SELL,82,0.57,0.57
2026-01-04T16:16:49.143704Z,price_change,0.54,BUY,82,0.57,0.57
2026-01-04T16:16:49.378131Z,price_change,0.6,SELL,134,0.57,0.57
2026-01-04T16:17:34.555475Z,price_change,0.5900000000000001,SELL,-8,0.57,0.57
2026-01-04T16:17:47.809808Z,price_change,0.61,SELL,6436,0.57,0.57
2026-01-04T16:17:47.851636Z,price_change,0.5900000000000001,SELL,-9,0.57,0.57
2026-01-04T16:17:47.853513Z,price_change,0.6,SELL,-134,0.57,0.57
2026-01-04T16:17:47.895539Z,price_change,0.6,SELL,-332,0.57,0.57
2026-01-04T16:17:48.140379Z,price_change,0.5900000000000001,SELL,5,0.57,0.57
2026-01-04T16:17:48.161976Z,price_change,0.57,BUY,-30,0.57,0.57
2026-01-04T16:17:48.163096Z,price_change,0.6,SELL,-75,0.57,0.57
2026-01-04T16:17:48.183055Z,price_change,0.61,SELL,-6436,0.57,0.57
2026-01-04T16:17:48.320936Z,price_change,0.61,SELL,-100,0.57,0.57
2026-01-04T16:17:48.324422Z,price_change,0.5900000000000001,SELL,-13,0.57,0.57
2026-01-04T16:17:48.34357Z,price_change,0.28,BUY,-507,0.57,0.57
2026-01-04T16:17:48.346504Z,price_change,0.27,BUY,-547,0.57,0.57
2026-01-04T16:17:48.350473Z,price_change,0.26,BUY,612,0.57,0.57
2026-01-04T16:17:48.530367Z,price_change,0.6,SELL,75,0.57,0.57
2026-01-04T16:17:48.686134Z,price_change,0.57,BUY,30,0.57,0.57
2026-01-04T16:17:58.883834Z,price_change,0.61,SELL,100,0.57,0.57
2026-01-04T16:17:59.539473Z,price_change,0.5900000000000001,SELL,-82,0.57,0.57
2026-01-04T16:17:59.545775Z,price_change,0.54,BUY,-82,0.57,0.57
2026-01-04T16:18:02.112828Z,price_change,0.6,SELL,-113,0.57,0.57
2026-01-04T16:18:20.376724Z,price_change,0.57,BUY,-30,0.57,0.57
2026-01-04T16:18:20.452539Z,price_change,0.5900000000000001,SELL,-5,0.57,0.57
2026-01-04T16:18:20.493964Z,price_change,0.61,SELL,6412,0.57,0.57
2026-01-04T16:18:20.668488Z,price_change,0.57,BUY,30,0.57,0.57
2026-01-04T16:18:32.890144Z,price_change,0.26,BUY,-612,0.57,0.57
2026-01-04T16:18:32.892883Z,price_change,0.27,BUY,500,0.57,0.57
2026-01-04T16:18:32.894075Z,price_change,0.28,BUY,492,0.57,0.57
2026-01-04T16:19:04.2812Z,price_change,0.61,SELL,-980,0.57,0.57
2026-01-04T16:19:05.005882Z,price_change,0.52,BUY,-500,0.57,0.57
2026-01-04T16:19:06.206544Z,price_change,0.61,SELL,980,0.57,0.57
2026-01-04T16:19:19.293784Z,price_change,0.5900000000000001,SELL,-25,0.57,0.57
2026-01-04T16:19:43.892556Z,price_change,0.6,SELL,122,0.57,0.57
2026-01-04T16:19:50.135237Z,price_change,0.5900000000000001,SELL,82,0.57,0.57
2026-01-04T16:19:50.295699Z,price_change,0.54,BUY,82,0.57,0.57
2026-01-04T16:19:55.619281Z,price_change,0.6,SELL,478,0.57,0.57
2026-01-04T16:19:56.885082Z,price_change,0.55,BUY,-2000,0.57,0.57
2026-01-04T16:19:56.885082Z,price_change,0.54,BUY,2000,0.57,0.57
2026-01-04T16:19:56.962275Z,price_change,0.6,SELL,-2000,0.57,0.57
2026-01-04T16:19:56.962275Z,price_change,0.5900000000000001,SELL,2000,0.57,0.57
2026-01-04T16:19:58.913103Z,price_change,0.55,BUY,-5682,0.57,0.57
2026-01-04T16:19:58.922725Z,price_change,0.54,BUY,5787,0.57,0.57
2026-01-04T16:19:59.195436Z,price_change,0.6,SELL,-134,0.57,0.57
2026-01-04T16:20:00.162232Z,price_change,0.28,BUY,-492,0.57,0.57
2026-01-04T16:20:00.164934Z,price_change,0.27,BUY,-500,0.57,0.57
2026-01-04T16:20:00.166053Z,price_change,0.55,BUY,649,0.57,0.57
2026-01-04T16:20:00.167244Z,price_change,0.26,BUY,364,0.57,0.57
2026-01-04T16:20:04.82611Z,price_change,0.52,BUY,500,0.57,0.57
2026-01-04T16:20:05.089988Z,price_change,0.6,SELL,134,0.57,0.57
2026-01-04T16:20:06.13844Z,price_change,0.61,SELL,-980,0.57,0.57
2026-01-04T16:20:07.395752Z,price_change,0.61,SELL,980,0.57,0.57
2026-01-04T16:20:24.606311Z,price_change,0.52,BUY,-125,0.57,0.57
2026-01-04T16:20:25.914743Z,price_change,0.51,BUY,125,0.57,0.57
2026-01-04T16:20:49.007285Z,price_change,0.52,BUY,-500,0.57,0.57
2026-01-04T16:21:07.188095Z,price_change,0.61,SELL,-980,0.57,0.57
2026-01-04T16:21:08.81526Z,price_change,0.61,SELL,980,0.57,0.57
2026-01-04T16:21:15.488779Z,price_change,0.52,BUY,500,0.57,0.57
2026-01-04T16:21:21.422185Z,price_change,0.5900000000000001,SELL,-1,0.57,0.57
2026-01-04T16:21:22.124237Z,price_change,0.5900000000000001,SELL,-16,0.57,0.57
2026-01-04T16:21:22.229002Z,price_change,0.5900000000000001,SELL,-32,0.57,0.57
2026-01-04T16:21:29.293243Z,price_change,0.5900000000000001,SELL,-20,0.57,0.57
2026-01-04T16:22:00.893674Z,price_change,0.5900000000000001,SELL,-100,0.57,0.57
2026-01-04T16:22:08.161894Z,price_change,0.61,SELL,-980,0.57,0.57
2026-01-04T16:22:10.152076Z,price_change,0.61,SELL,980,0.57,0.57
2026-01-04T16:22:28.198356Z,price_change,0.5900000000000001,SELL,-25000,0.57,0.57
2026-01-04T16:22:28.198356Z,price_change,0.5800000000000001,SELL,25000,0.57,0.57
2026-01-04T16:22:28.310475Z,price_change,0.61,SELL,-100,0.57,0.57
2026-01-04T16:22:28.409506Z,price_change,0.57,BUY,-30,0.57,0.57
2026-01-04T16:22:28.502341Z,price_change,0.57,BUY,30,0.57,0.57
2026-01-04T16:22:28.570637Z,price_change,0.6,SELL,-50,0.57,0.57
2026-01-04T16:22:28.570637Z,price_change,0.5900000000000001,SELL,50,0.57,0.57
2026-01-04T16:22:37.903394Z,price_change,0.5800000000000001,SELL,-33,0.57,0.57
2026-01-04T16:23:04.001088Z,price_change,0.52,BUY,-500,0.57,0.57
2026-01-04T16:23:07.527336Z,price_change,0.6,SELL,28,0.57,0.57
2026-01-04T16:23:09.190096Z,price_change,0.61,SELL,-980,0.57,0.57
2026-01-04T16:23:11.631072Z,price_change,0.61,SELL,980,0.57,0.57
2026-01-04T16:23:50.935022Z,price_change,0.5900000000000001,SELL,-50,0.57,0.57
2026-01-04T16:24:08.874346Z,price_change,0.52,BUY,500,0.57,0.57
2026-01-04T16:24:09.976275Z,price_change,0.5800000000000001,SELL,-4166,0.57,0.57
2026-01-04T16:24:11.142186Z,price_change,0.61,SELL,-980,0.57,0.57
2026-01-04T16:24:13.054007Z,price_change,0.61,SELL,980,0.57,0.57
2026-01-04T16:24:26.070798Z,price_change,0.5900000000000001,SELL,50,0.57,0.57
2026-01-04T16:24:35.98582Z,price_change,0.61,SELL,945,0.57,0.57
2026-01-04T16:24:55.262274Z,price_change,0.5800000000000001,SELL,-4,0.57,0.57
2026-01-04T16:25:03.832718Z,price_change,0.5800000000000001,SELL,-5,0.57,0.57
2026-01-04T16:25:09.853166Z,price_change,0.5800000000000001,SELL,-33,0.57,0.57
2026-01-04T16:25:12.282006Z,price_change,0.61,SELL,-945,0.57,0.57
2026-01-04T16:25:12.332841Z,price_change,0.61,SELL,-35,0.57,0.57
2026-01-04T16:25:14.556022Z,price_change,0.61,SELL,980,0.57,0.57
2026-01-04T16:26:06.673427Z,price_change,0.5800000000000001,SELL,10000,0.57,0.57
2026-01-04T16:26:14.182891Z,price_change,0.61,SELL,-980,0.57,0.57
2026-01-04T16:26:15.12245Z,price_change,0.61,SELL,980,0.57,0.57
2026-01-04T16:26:29.266855Z,price_change,0.5800000000000001,SELL,-1000,0.57,0.57
2026-01-04T16:26:38.134937Z,price_change,0.55,BUY,82,0.57,0.57
2026-01-04T16:26:38.137063Z,price_change,0.6,SELL,82,0.57,0.57
2026-01-04T16:26:38.141013Z,price_change,0.5900000000000001,SELL,-82,0.57,0.57
2026-01-04T16:26:38.466278Z,price_change,0.54,BUY,-82,0.57,0.57
2026-01-04T16:26:58.019411Z,price_change,0.5900000000000001,SELL,-50,0.57,0.57
2026-01-04T16:27:00.436123Z,price_change,0.55,BUY,-82,0.57,0.57
2026-01-04T16:27:00.710185Z,price_change,0.55,BUY,82,0.57,0.57
2026-01-04T16:27:00.757746Z,price_change,0.5800000000000001,SELL,4011,0.57,0.57
2026-01-04T16:27:00.803116Z,price_change,0.5800000000000001,SELL,788,0.57,0.57
2026-01-04T16:27:00.812204Z,price_change,0.56,BUY,-102,0.57,0.57
2026-01-04T16:27:01.036708Z,price_change,0.57,BUY,-74,0.57,0.57
2026-01-04T16:27:01.098397Z,price_change,0.56,BUY,74,0.57,0.57
2026-01-04T16:27:01.347593Z,price_change,0.57,BUY,-30,0.56,0.57
2026-01-04T16:27:01.363858Z,price_change,0.55,BUY,-649,0.56,0.57
2026-01-04T16:27:01.368102Z,price_change,0.26,BUY,-364,0.56,0.57
2026-01-04T16:27:01.369219Z,price_change,0.28,BUY,567,0.56,0.57
2026-01-04T16:27:01.370379Z,price_change,0.27,BUY,480,0.56,0.57
2026-01-04T16:27:01.443788Z,price_change,0.57,BUY,30,0.57,0.57
2026-01-04T16:27:01.46949Z,price_change,0.6,SELL,-28,0.57,0.57
2026-01-04T16:27:01.670561Z,price_change,0.61,SELL,135,0.57,0.57
2026-01-04T16:27:01.91527Z,price_change,0.6,SELL,-106,0.57,0.57
2026-01-04T16:27:08.000076Z,price_change,0.52,BUY,-500,0.57,0.57
2026-01-04T16:27:12.502072Z,price_change,0.5800000000000001,SELL,-1,0.57,0.57
2026-01-04T16:27:12.525197Z,price_change,0.6,SELL,134,0.57,0.57
2026-01-04T16:27:12.75248Z,price_change,0.61,SELL,-135,0.57,0.57
2026-01-04T16:27:15.248623Z,price_change,0.61,SELL,-980,0.57,0.57
2026-01-04T16:27:15.601423Z,price_change,0.52,BUY,-500,0.57,0.57
2026-01-04T16:27:15.864816Z,price_change,0.5900000000000001,SELL,-500,0.57,0.57
2026-01-04T16:27:15.984072Z,price_change,0.54,BUY,500,0.57,0.57
2026-01-04T16:27:16.102628Z,price_change,0.6,SELL,500,0.57,0.57
2026-01-04T16:27:17.075509Z,price_change,0.61,SELL,980,0.57,0.57
2026-01-04T16:27:23.55722Z,price_change,0.6,SELL,224,0.57,0.57
2026-01-04T16:27:41.04168Z,price_change,0.5900000000000001,SELL,50,0.57,0.57
2026-01-04T16:28:05.220177Z,price_change,0.52,BUY,500,0.57,0.57
2026-01-04T16:28:12.685022Z,price_change,0.51,BUY,400,0.57,0.57
2026-01-04T16:28:16.374678Z,price_change,0.61,SELL,-980,0.57,0.57
2026-01-04T16:28:18.544448Z,price_change,0.61,SELL,980,0.57,0.57
2026-01-04T16:28:20.800441Z,price_change,0.5800000000000001,SELL,-2,0.57,0.57
2026-01-04T16:28:37.667021Z,price_change,0.5900000000000001,SELL,-50,0.57,0.57
,book,0.5700,BUY,30,0.5700,0.58
,book,0.58,SELL,34544,0.5700,0.58
2026-01-04T16:29:14.38472Z,price_change,0.5800000000000001,SELL,-5,0.57,0.58
2026-01-04T16:29:18.183135Z,price_change,0.61,SELL,-980,0.57,0.58
2026-01-04T16:29:19.766796Z,price_change,0.61,SELL,980,0.57,0.58
2026-01-04T16:29:30.857891Z,price_change,0.5900000000000001,SELL,-50,0.57,0.58
2026-01-04T16:29:37.94757Z,price_change,0.5800000000000001,SELL,-8,0.57,0.58
2026-01-04T16:29:43.421328Z,price_change,0.5800000000000001,SELL,-5,0.57,0.58
2026-01-04T16:29:46.736178Z,price_change,0.5800000000000001,SELL,-33,0.57,0.58
2026-01-04T16:30:04.725405Z,price_change,0.5900000000000001,SELL,50,0.57,0.58
2026-01-04T16:30:14.986451Z,price_change,0.6,SELL,201,0.57,0.58
2026-01-04T16:30:15.623816Z,price_change,0.5800000000000001,SELL,-1,0.57,0.58
2026-01-04T16:30:19.162828Z,price_change,0.61,SELL,-980,0.57,0.58
2026-01-04T16:30:21.269063Z,price_change,0.61,SELL,980,0.57,0.58
2026-01-04T16:30:29.039909Z,price_change,0.6,SELL,1058,0.57,0.58
2026-01-04T16:30:53.591906Z,price_change,0.5800000000000001,SELL,-5,0.57,0.58
2026-01-04T16:31:04.001167Z,price_change,0.52,BUY,-500,0.57,0.58
2026-01-04T16:31:11.985789Z,price_change,0.5800000000000001,SELL,-48,0.57,0.58
2026-01-04T16:31:15.000961Z,price_change,0.52,BUY,-500,0.57,0.58
2026-01-04T16:31:20.187658Z,price_change,0.61,SELL,-980,0.57,0.58
2026-01-04T16:31:22.587351Z,price_change,0.61,SELL,980,0.57,0.58
2026-01-04T16:31:40.506636Z,price_change,0.52,BUY,500,0.57,0.58
2026-01-04T16:31:43.833427Z,price_change,0.5900000000000001,SELL,-50,0.57,0.58
2026-01-04T16:31:53.652846Z,price_change,0.5900000000000001,SELL,50,0.57,0.58
2026-01-04T16:31:54.431252Z,price_change,0.5800000000000001,SELL,-333,0.57,0.58
2026-01-04T16:32:04.685853Z,price_change,0.26,BUY,-627,0.57,0.58
2026-01-04T16:32:04.688755Z,price_change,0.27,BUY,596,0.57,0.58
2026-01-04T16:32:05.8536Z,price_change,0.5900000000000001,SELL,82,0.57,0.58
2026-01-04T16:32:05.854971Z,price_change,0.54,BUY,82,0.57,0.58
2026-01-04T16:32:05.860728Z,price_change,0.55,BUY,-82,0.57,0.58
2026-01-04T16:32:06.180652Z,price_change,0.6,SELL,-82,0.57,0.58
2026-01-04T16:32:09.190674Z,price_change,0.52,BUY,500,0.57,0.58
2026-01-04T16:32:22.261519Z,price_change,0.61,SELL,-980,0.57,0.58
2026-01-04T16:32:23.924717Z,price_change,0.61,SELL,980,0.57,0.58
2026-01-04T16:32:29.50334Z,price_change,0.61,SELL,-5432,0.57,0.58
2026-01-04T16:32:29.504651Z,price_change,0.61,SELL,-945,0.57,0.58
2026-01-04T16:32:29.506276Z,price_change,0.61,SELL,-980,0.57,0.58
2026-01-04T16:32:29.548754Z,price_change,0.5900000000000001,SELL,134,0.57,0.58
2026-01-04T16:32:29.705197Z,price_change,0.6,SELL,-135,0.57,0.58
2026-01-04T16:32:29.78254Z,price_change,0.57,BUY,-30,0.56,0.58
2026-01-04T16:32:29.800933Z,price_change,0.55,BUY,-427,0.56,0.58
2026-01-04T16:32:29.803657Z,price_change,0.26,BUY,468,0.56,0.58
2026-01-04T16:32:29.989844Z,price_change,0.57,BUY,30,0.57,0.58
2026-01-04T16:32:30.003611Z,price_change,0.27,BUY,-596,0.57,0.58
2026-01-04T16:32:30.200604Z,price_change,0.5900000000000001,SELL,54,0.57,0.58
2026-01-04T16:32:39.98449Z,price_change,0.6,SELL,135,0.57,0.58
2026-01-04T16:32:39.985839Z,price_change,0.61,SELL,7357,0.57,0.58
2026-01-04T16:32:40.003717Z,price_change,0.55,BUY,560,0.57,0.58
2026-01-04T16:32:40.052633Z,price_change,0.5900000000000001,SELL,-134,0.57,0.58
2026-01-04T16:32:40.067061Z,price_change,0.5900000000000001,SELL,-54,0.57,0.58
2026-01-04T16:32:40.067094Z,price_change,0.6,SELL,-75,0.57,0.58
2026-01-04T16:32:40.067736Z,price_change,0.57,BUY,-30,0.56,0.58
2026-01-04T16:32:40.155447Z,price_change,0.61,SELL,-73,0.56,0.58
2026-01-04T16:32:40.255547Z,price_change,0.57,BUY,30,0.57,0.58
2026-01-04T16:32:40.568366Z,price_change,0.61,SELL,73,0.57,0.58
2026-01-04T16:32:48.58934Z,price_change,0.5900000000000001,SELL,-50,0.57,0.58
2026-01-04T16:32:50.425347Z,price_change,0.6,SELL,100,0.57,0.58
2026-01-04T16:32:50.426448Z,price_change,0.54,BUY,100,0.57,0.58
2026-01-04T16:32:54.023989Z,price_change,0.5900000000000001,SELL,134,0.57,0.58
2026-01-04T16:32:54.070817Z,price_change,0.61,SELL,-7284,0.57,0.58
2026-01-04T16:32:54.072074Z,price_change,0.61,SELL,-73,0.57,0.58
2026-01-04T16:32:54.240257Z,price_change,0.6,SELL,-135,0.57,0.58
2026-01-04T16:32:54.264766Z,price_change,0.55,BUY,-100,0.57,0.58
2026-01-04T16:32:54.446589Z,price_change,0.57,BUY,-30,0.56,0.58
2026-01-04T16:32:54.564581Z,price_change,0.54,BUY,-100,0.56,0.58
2026-01-04T16:32:54.774109Z,price_change,0.57,BUY,30,0.57,0.58
2026-01-04T16:32:54.815905Z,price_change,0.5900000000000001,SELL,54,0.57,0.58
2026-01-04T16:33:02.016008Z,price_change,0.5900000000000001,SELL,50,0.57,0.58
2026-01-04T16:33:04.854556Z,price_change,0.55,BUY,75,0.57,0.58
2026-01-04T16:33:05.61886Z,price_change,0.5800000000000001,SELL,-8,0.57,0.58
2026-01-04T16:33:14.919867Z,price_change,0.54,BUY,100,0.57,0.58
2026-01-04T16:33:40.074305Z,price_change,0.5800000000000001,SELL,-200,0.57,0.58
2026-01-04T16:34:00.769Z,price_change,0.5800000000000001,SELL,-335,0.57,0.58
2026-01-04T16:34:37.141711Z,price_change,0.5800000000000001,SELL,-333,0.57,0.58
2026-01-04T16:34:58.012472Z,price_change,0.5900000000000001,SELL,4026,0.57,0.58
2026-01-04T16:34:58.058308Z,price_change,0.6,SELL,3032,0.57,0.58
2026-01-04T16:35:03.024229Z,price_change,0.5900000000000001,SELL,-50,0.57,0.58
2026-01-04T16:35:06.962767Z,price_change,0.6,SELL,913,0.57,0.58
2026-01-04T16:35:08.000188Z,price_change,0.52,BUY,-500,0.57,0.58
2026-01-04T16:35:39.22412Z,price_change,0.5800000000000001,SELL,-788,0.57,0.58
2026-01-04T16:35:41.80009Z,price_change,0.5900000000000001,SELL,50,0.57,0.58
2026-01-04T16:35:54.466671Z,price_change,0.5900000000000001,SELL,-134,0.57,0.58
2026-01-04T16:35:54.721805Z,price_change,0.6,SELL,134,0.57,0.58
2026-01-04T16:36:13.91221Z,price_change,0.52,BUY,500,0.57,0.58
2026-01-04T16:36:15.971416Z,price_change,0.5800000000000001,SELL,-2,0.57,0.58
2026-01-04T16:36:43.053021Z,price_change,0.5800000000000001,SELL,-1666,0.57,0.58
2026-01-04T16:36:47.010824Z,price_change,0.5900000000000001,SELL,-50,0.57,0.58
2026-01-04T16:36:56.127587Z,price_change,0.5900000000000001,SELL,50,0.57,0.58
2026-01-04T16:37:06.609261Z,price_change,0.5800000000000001,SELL,-10000,0.57,0.58
2026-01-04T16:37:07.058809Z,price_change,0.5900000000000001,SELL,-10000,0.57,0.58
2026-01-04T16:38:16.120691Z,price_change,0.57,BUY,-30,0.56,0.58
2026-01-04T16:38:16.137983Z,price_change,0.55,BUY,-560,0.56,0.58
2026-01-04T16:38:16.14084Z,price_change,0.27,BUY,603,0.56,0.58
2026-01-04T16:38:16.149369Z,price_change,0.62,SELL,134,0.56,0.58
2026-01-04T16:38:16.280046Z,price_change,0.57,BUY,30,0.57,0.58
2026-01-04T16:38:16.300803Z,price_change,0.26,BUY,-468,0.57,0.58
2026-01-04T16:38:16.70759Z,price_change,0.5800000000000001,SELL,-166,0.57,0.58
2026-01-04T16:38:19.187134Z,price_change,0.5800000000000001,SELL,-50,0.57,0.58
2026-01-04T16:38:19.203477Z,price_change,0.55,BUY,266,0.57,0.58
2026-01-04T16:38:27.918148Z,price_change,0.61,SELL,10713,0.57,0.58
2026-01-04T16:38:28.013359Z,price_change,0.5900000000000001,SELL,-134,0.57,0.58
2026-01-04T16:38:28.019421Z,price_change,0.5900000000000001,SELL,-3892,0.57,0.58
2026-01-04T16:38:28.021828Z,price_change,0.6,SELL,-134,0.57,0.58
2026-01-04T16:38:28.02492Z,price_change,0.6,SELL,-913,0.57,0.58
2026-01-04T16:38:28.077636Z,price_change,0.6,SELL,-3004,0.57,0.58
2026-01-04T16:38:28.236083Z,price_change,0.6,SELL,-100,0.57,0.58
2026-01-04T16:38:28.244848Z,price_change,0.57,BUY,-30,0.56,0.58
2026-01-04T16:38:28.260626Z,price_change,0.28,BUY,206,0.56,0.58
2026-01-04T16:38:28.270777Z,price_change,0.62,SELL,-134,0.56,0.58
2026-01-04T16:38:28.385621Z,price_change,0.5900000000000001,SELL,-54,0.56,0.58
2026-01-04T16:38:28.388514Z,price_change,0.61,SELL,-74,0.56,0.58
2026-01-04T16:38:28.501527Z,price_change,0.57,BUY,30,0.57,0.58
2026-01-04T16:38:28.696474Z,price_change,0.61,SELL,74,0.57,0.58
2026-01-04T16:38:28.909834Z,price_change,0.5800000000000001,SELL,-8,0.57,0.58
2026-01-04T16:38:29.426643Z,price_change,0.5800000000000001,SELL,-10,0.57,0.58
2026-01-04T16:38:29.57998Z,price_change,0.61,SELL,-233,0.57,0.58
2026-01-04T16:38:29.625253Z,price_change,0.61,SELL,-74,0.57,0.58
2026-01-04T16:38:30.339882Z,price_change,0.61,SELL,-980,0.57,0.58
2026-01-04T16:38:32.297204Z,price_change,0.61,SELL,980,0.57,0.58
2026-01-04T16:38:34.40904Z,price_change,0.6,SELL,4042,0.57,0.58
2026-01-04T16:38:35.95361Z,price_change,0.5900000000000001,SELL,-50,0.57,0.58
2026-01-04T16:38:36.41807Z,price_change,0.61,SELL,-946,0.57,0.58
2026-01-04T16:38:36.460314Z,price_change,0.6,SELL,-913,0.57,0.58
2026-01-04T16:38:38.537063Z,price_change,0.6,SELL,100,0.57,0.58
2026-01-04T16:38:39.894Z,price_change,0.61,SELL,310,0.57,0.58
2026-01-04T16:38:49.399675Z,price_change,0.54,BUY,8000,0.57,0.58
2026-01-04T16:38:49.401564Z,price_change,0.6,SELL,8000,0.57,0.58
2026-01-04T16:38:49.473471Z,price_change,0.5900000000000001,SELL,-3108,0.57,0.58
2026-01-04T16:38:49.476287Z,price_change,0.53,BUY,-5550,0.57,0.58
2026-01-04T16:39:06.312346Z,price_change,0.61,SELL,927,0.57,0.58
2026-01-04T16:39:13.001002Z,price_change,0.52,BUY,-500,0.57,0.58
2026-01-04T16:39:17.592776Z,price_change,0.6,SELL,-125,0.57,0.58
2026-01-04T16:39:17.744715Z,price_change,0.6,SELL,980,0.57,0.58
2026-01-04T16:39:17.97083Z,price_change,0.57,BUY,-30,0.56,0.58
2026-01-04T16:39:17.985192Z,price_change,0.55,BUY,-266,0.56,0.58
2026-01-04T16:39:18.18813Z,price_change,0.61,SELL,-9426,0.56,0.58
2026-01-04T16:39:18.189133Z,price_change,0.61,SELL,-34,0.56,0.58
2026-01-04T16:39:18.190039Z,price_change,0.61,SELL,-310,0.56,0.58
2026-01-04T16:39:18.190882Z,price_change,0.61,SELL,-927,0.56,0.58
2026-01-04T16:39:18.238856Z,price_change,0.5900000000000001,SELL,4026,0.56,0.58
2026-01-04T16:39:18.298979Z,price_change,0.57,BUY,30,0.57,0.58
2026-01-04T16:39:18.314778Z,price_change,0.28,BUY,-206,0.57,0.58
2026-01-04T16:39:18.317673Z,price_change,0.27,BUY,-603,0.57,0.58
2026-01-04T16:39:18.318994Z,price_change,0.55,BUY,545,0.57,0.58
2026-01-04T16:39:18.333789Z,price_change,0.5900000000000001,SELL,75,0.57,0.58
2026-01-04T16:39:18.441412Z,price_change,0.5900000000000001,SELL,134,0.57,0.58
2026-01-04T16:39:19.071859Z,price_change,0.5900000000000001,SELL,50,0.57,0.58
2026-01-04T16:39:21.341494Z,price_change,0.6,SELL,-29,0.57,0.58
2026-01-04T16:39:30.234764Z,price_change,0.5900000000000001,SELL,1122,0.57,0.58
2026-01-04T16:39:30.270496Z,price_change,0.5900000000000001,SELL,-7622,0.57,0.58
2026-01-04T16:39:30.27522Z,price_change,0.5800000000000001,SELL,11190,0.57,0.58
2026-01-04T16:39:31.639835Z,price_change,0.5800000000000001,SELL,-41,0.57,0.58
2026-01-04T16:39:40.516243Z,price_change,0.5800000000000001,SELL,-25,0.57,0.58
2026-01-04T16:39:49.630595Z,price_change,0.5800000000000001,SELL,-2,0.57,0.58
2026-01-04T16:39:49.710809Z,price_change,0.5800000000000001,SELL,-166,0.57,0.58
2026-01-04T16:40:01.069734Z,price_change,0.52,BUY,-500,0.57,0.58
2026-01-04T16:40:11.531848Z,price_change,0.57,BUY,-30,0.56,0.58
2026-01-04T16:40:11.589919Z,price_change,0.51,BUY,-750,0.56,0.58
2026-01-04T16:40:11.589919Z,price_change,0.5,BUY,750,0.56,0.58
2026-01-04T16:40:11.60583Z,price_change,0.5800000000000001,SELL,100,0.56,0.58
2026-01-04T16:40:11.60636Z,price_change,0.5900000000000001,SELL,-100,0.56,0.58
2026-01-04T16:40:11.8068Z,price_change,0.55,BUY,-545,0.56,0.58
2026-01-04T16:40:11.807953Z,price_change,0.28,BUY,653,0.56,0.58
2026-01-04T16:40:11.809003Z,price_change,0.32,BUY,258,0.56,0.58
2026-01-04T16:40:11.810276Z,price_change,0.29,BUY,164,0.56,0.58
2026-01-04T16:40:11.966834Z,price_change,0.57,BUY,30,0.57,0.58
2026-01-04T16:40:12.172476Z,price_change,0.55,BUY,-75,0.57,0.58
2026-01-04T16:40:12.592171Z,price_change,0.54,BUY,-100,0.57,0.58
2026-01-04T16:40:12.841234Z,price_change,0.57,BUY,-30,0.56,0.58
2026-01-04T16:40:13.916958Z,price_change,0.56,BUY,30,0.56,0.58
2026-01-04T16:40:14.124903Z,price_change,0.6,SELL,64,0.56,0.58
2026-01-04T16:40:15.612003Z,price_change,0.52,BUY,500,0.56,0.58
2026-01-04T16:40:18.613386Z,price_change,0.5800000000000001,SELL,-1,0.56,0.58
2026-01-04T16:40:20.049617Z,price_change,0.5800000000000001,SELL,-100,0.56,0.58
2026-01-04T16:40:23.396315Z,price_change,0.55,BUY,75,0.56,0.58
2026-01-04T16:40:33.540786Z,price_change,0.54,BUY,100,0.56,0.58
2026-01-04T16:40:34.661632Z,price_change,0.51,BUY,-125,0.56,0.58
2026-01-04T16:40:37.436176Z,price_change,0.5,BUY,125,0.56,0.58
2026-01-04T16:40:54.600127Z,price_change,0.5800000000000001,SELL,-251,0.56,0.58
2026-01-04T16:41:19.225455Z,price_change,0.5800000000000001,SELL,-16,0.56,0.58
2026-01-04T16:41:30.839061Z,price_change,0.56,BUY,-74,0.56,0.58
2026-01-04T16:41:30.839061Z,price_change,0.56,BUY,-30,0.55,0.58
2026-01-04T16:41:30.950918Z,price_change,0.53,BUY,100,0.55,0.58
2026-01-04T16:41:33.666429Z,price_change,0.54,BUY,50,0.55,0.58
2026-01-04T16:41:34.250702Z,price_change,0.5900000000000001,SELL,-50,0.55,0.58
2026-01-04T16:41:41.849701Z,price_change,0.5800000000000001,SELL,-50,0.55,0.58
2026-01-04T16:41:46.614356Z,price_change,0.5900000000000001,SELL,50,0.55,0.58
2026-01-04T16:41:46.635013Z,price_change,0.54,BUY,-50,0.55,0.58
2026-01-04T16:41:54.149727Z,price_change,0.5900000000000001,SELL,-129,0.55,0.58
2026-01-04T16:41:54.194862Z,price_change,0.6,SELL,135,0.55,0.58
2026-01-04T16:41:55.8746Z,price_change,0.55,BUY,-10,0.55,0.58
2026-01-04T16:41:55.8746Z,price_change,0.55,BUY,-236,0.55,0.58
2026-01-04T16:41:56.071088Z,price_change,0.55,BUY,-75,0.55,0.58
2026-01-04T16:41:56.34313Z,price_change,0.54,BUY,-100,0.55,0.58
2026-01-04T16:41:56.432386Z,price_change,0.53,BUY,-100,0.55,0.58
2026-01-04T16:41:57.076865Z,price_change,0.55,BUY,30,0.55,0.58
2026-01-04T16:42:00.984172Z,price_change,0.54,BUY,-82,0.55,0.58
2026-01-04T16:42:01.269707Z,price_change,0.54,BUY,82,0.55,0.58
2026-01-04T16:42:06.150177Z,price_change,0.5800000000000001,SELL,-4011,0.55,0.58
2026-01-04T16:42:06.444226Z,price_change,0.54,BUY,-82,0.55,0.58
2026-01-04T16:42:06.548172Z,price_change,0.53,BUY,100,0.55,0.58
2026-01-04T16:42:06.717715Z,price_change,0.54,BUY,75,0.55,0.58
2026-01-04T16:42:08.915761Z,price_change,0.56,BUY,3650,0.56,0.58
2026-01-04T16:42:08.925751Z,price_change,0.61,SELL,879,0.56,0.58
2026-01-04T16:42:09.075676Z,price_change,0.56,BUY,680,0.56,0.58
2026-01-04T16:42:09.325675Z,price_change,0.54,BUY,82,0.56,0.58
2026-01-04T16:42:09.454787Z,price_change,0.55,BUY,-30,0.56,0.58
2026-01-04T16:42:09.630808Z,price_change,0.53,BUY,-100,0.56,0.58
2026-01-04T16:42:09.721689Z,price_change,0.54,BUY,-75,0.56,0.58
2026-01-04T16:42:10.246281Z,price_change,0.56,BUY,30,0.56,0.58
2026-01-04T16:42:10.247036Z,price_change,0.55,BUY,75,0.56,0.58
2026-01-04T16:42:13.118119Z,price_change,0.54,BUY,-500,0.56,0.58
2026-01-04T16:42:13.328692Z,price_change,0.6,SELL,-500,0.56,0.58
2026-01-04T16:42:13.340002Z,price_change,0.5900000000000001,SELL,-2899,0.56,0.58
2026-01-04T16:42:13.383241Z,price_change,0.5900000000000001,SELL,-134,0.56,0.58
2026-01-04T16:42:13.384931Z,price_change,0.5900000000000001,SELL,-993,0.56,0.58
2026-01-04T16:42:13.385944Z,price_change,0.6,SELL,-64,0.56,0.58
2026-01-04T16:42:13.386671Z,price_change,0.6,SELL,-135,0.56,0.58
2026-01-04T16:42:13.419209Z,price_change,0.55,BUY,500,0.56,0.58
2026-01-04T16:42:13.438756Z,price_change,0.6,SELL,-781,0.56,0.58
2026-01-04T16:42:13.530985Z,price_change,0.5900000000000001,SELL,500,0.56,0.58
2026-01-04T16:42:15.161175Z,price_change,0.5800000000000001,SELL,14,0.56,0.58
2026-01-04T16:42:15.18681Z,price_change,0.61,SELL,134,0.56,0.58
2026-01-04T16:42:17.923321Z,price_change,0.55,BUY,82,0.56,0.58
2026-01-04T16:42:18.279868Z,price_change,0.54,BUY,-82,0.56,0.58
2026-01-04T16:42:19.844921Z,price_change,0.54,BUY,100,0.56,0.58
2026-01-04T16:42:20.586396Z,price_change,0.5900000000000001,SELL,-500,0.56,0.58
2026-01-04T16:42:20.694913Z,price_change,0.61,SELL,500,0.56,0.58
2026-01-04T16:42:25.941029Z,price_change,0.5800000000000001,SELL,-41,0.56,0.58
2026-01-04T16:42:27.963268Z,price_change,0.5900000000000001,SELL,11463,0.56,0.58
2026-01-04T16:42:27.965355Z,price_change,0.5800000000000001,SELL,-11190,0.56,0.58
2026-01-04T16:42:28.003314Z,price_change,0.55,BUY,-75,0.56,0.58
2026-01-04T16:42:28.015184Z,price_change,0.5900000000000001,SELL,-1100,0.56,0.58
2026-01-04T16:42:28.099518Z,price_change,0.56,BUY,-30,0.56,0.58
2026-01-04T16:42:28.277568Z,price_change,0.54,BUY,-100,0.56,0.58
2026-01-04T16:42:28.865798Z,price_change,0.6,SELL,-74,0.56,0.58
2026-01-04T16:42:29.146464Z,price_change,0.6,SELL,-100,0.56,0.58
2026-01-04T16:42:29.146691Z,price_change,0.5900000000000001,SELL,-75,0.56,0.58
2026-01-04T16:42:29.417957Z,price_change,0.6,SELL,74,0.56,0.58
2026-01-04T16:42:29.427576Z,price_change,0.56,BUY,30,0.56,0.58
2026-01-04T16:42:29.454123Z,price_change,0.61,SELL,-134,0.56,0.58
2026-01-04T16:42:29.454123Z,price_change,0.62,SELL,134,0.56,0.58
2026-01-04T16:42:30.727701Z,price_change,0.6,SELL,-840,0.56,0.58
2026-01-04T16:42:30.772851Z,price_change,0.6,SELL,-96,0.56,0.58
2026-01-04T16:42:30.774156Z,price_change,0.6,SELL,-3004,0.56,0.58
2026-01-04T16:42:30.775563Z,price_change,0.6,SELL,-74,0.56,0.58
2026-01-04T16:42:30.777046Z,price_change,0.6,SELL,-28,0.56,0.58
2026-01-04T16:42:31.603619Z,price_change,0.61,SELL,-500,0.56,0.58
2026-01-04T16:42:31.71599Z,price_change,0.6,SELL,500,0.56,0.58
2026-01-04T16:42:37.804896Z,price_change,0.5,BUY,-125,0.56,0.58
2026-01-04T16:42:39.148853Z,price_change,0.52,BUY,125,0.56,0.58
2026-01-04T16:42:39.563704Z,price_change,0.5900000000000001,SELL,11,0.56,0.58
2026-01-04T16:42:39.568593Z,price_change,0.55,BUY,75,0.56,0.58
2026-01-04T16:42:49.431221Z,price_change,0.6,SELL,100,0.56,0.58
2026-01-04T16:42:59.464926Z,price_change,0.54,BUY,100,0.56,0.58
2026-01-04T16:43:15.002026Z,price_change,0.52,BUY,-500,0.56,0.58
2026-01-04T16:43:15.194794Z,price_change,0.6,SELL,82,0.56,0.58
2026-01-04T16:43:15.199573Z,price_change,0.5900000000000001,SELL,-82,0.56,0.58
2026-01-04T16:43:47.408821Z,price_change,0.5900000000000001,SELL,-50,0.56,0.58
2026-01-04T16:43:47.410224Z,price_change,0.55,BUY,50,0.56,0.58
2026-01-04T16:43:51.380358Z,price_change,0.5800000000000001,SELL,-83,0.56,0.58
2026-01-04T16:43:51.405051Z,price_change,0.5,BUY,-750,0.56,0.58
2026-01-04T16:43:51.405051Z,price_change,0.51,BUY,750,0.56,0.58
2026-01-04T16:43:51.722326Z,price_change,0.5800000000000001,SELL,-100,0.56,0.58
2026-01-04T16:43:51.723522Z,price_change,0.5900000000000001,SELL,100,0.56,0.58
2026-01-04T16:44:04.337321Z,price_change,0.53,BUY,-471,0.56,0.58
2026-01-04T16:44:04.439122Z,price_change,0.6,SELL,-201,0.56,0.58
2026-01-04T16:44:04.439792Z,price_change,0.6,SELL,-134,0.56,0.58
2026-01-04T16:44:04.440483Z,price_change,0.6,SELL,-83,0.56,0.58
2026-01-04T16:44:04.441323Z,price_change,0.6,SELL,-28,0.56,0.58
2026-01-04T16:44:04.449708Z,price_change,0.54,BUY,-742,0.56,0.58
2026-01-04T16:44:04.549774Z,price_change,0.55,BUY,-82,0.56,0.58
2026-01-04T16:44:04.55071Z,price_change,0.6,SELL,-82,0.56,0.58
2026-01-04T16:44:04.566813Z,price_change,0.5900000000000001,SELL,-417,0.56,0.58
2026-01-04T16:44:04.574319Z,price_change,0.6,SELL,-68,0.56,0.58
2026-01-04T16:44:04.61557Z,price_change,0.6,SELL,-344,0.56,0.58
2026-01-04T16:44:04.720787Z,price_change,0.53,BUY,-93,0.56,0.58
2026-01-04T16:44:04.756022Z,price_change,0.55,BUY,-281,0.56,0.58
2026-01-04T16:44:04.769282Z,price_change,0.6,SELL,-600,0.56,0.58
2026-01-04T16:44:04.846494Z,price_change,0.54,BUY,-2000,0.56,0.58
2026-01-04T16:44:04.848309Z,price_change,0.5900000000000001,SELL,-2000,0.56,0.58
2026-01-04T16:44:05.083543Z,price_change,0.54,BUY,-144,0.56,0.58
2026-01-04T16:44:05.152813Z,price_change,0.5900000000000001,SELL,-88,0.56,0.58
2026-01-04T16:44:05.160039Z,price_change,0.6,SELL,-119,0.56,0.58
2026-01-04T16:44:05.270402Z,price_change,0.55,BUY,-98,0.56,0.58
2026-01-04T16:44:05.346127Z,price_change,0.56,BUY,-680,0.56,0.58
2026-01-04T16:44:05.359072Z,price_change,0.61,SELL,-879,0.56,0.58
2026-01-04T16:44:05.476021Z,price_change,0.56,BUY,-3650,0.56,0.58
2026-01-04T16:44:05.493949Z,price_change,0.29,BUY,-164,0.56,0.58
2026-01-04T16:44:05.496579Z,price_change,0.32,BUY,-258,0.56,0.58
2026-01-04T16:44:05.497956Z,price_change,0.28,BUY,-653,0.56,0.58
2026-01-04T16:44:05.499041Z,price_change,0.27,BUY,623,0.56,0.58
2026-01-04T16:44:12.955963Z,price_change,0.52,BUY,500,0.56,0.58
2026-01-04T16:44:13.164063Z,price_change,0.54,BUY,-5787,0.56,0.58
2026-01-04T16:44:13.166171Z,price_change,0.5900000000000001,SELL,-11463,0.56,0.58
2026-01-04T16:44:13.266877Z,price_change,0.6,SELL,-506,0.56,0.58
2026-01-04T16:44:13.307618Z,price_change,0.6,SELL,-54,0.56,0.58
2026-01-04T16:44:13.309312Z,price_change,0.6,SELL,-525,0.56,0.58
2026-01-04T16:44:13.311052Z,price_change,0.6,SELL,-20,0.56,0.58
2026-01-04T16:44:13.414179Z,price_change,0.55,BUY,-50,0.56,0.58
2026-01-04T16:44:13.419184Z,price_change,0.5900000000000001,SELL,50,0.56,0.58
2026-01-04T16:44:16.163194Z,price_change,0.52,BUY,-125,0.56,0.58
2026-01-04T16:44:18.388869Z,price_change,0.5800000000000001,SELL,-15753,0.56,0.58
2026-01-04T16:44:18.388869Z,price_change,0.5900000000000001,SELL,15753,0.56,0.58
2026-01-04T16:44:18.411897Z,price_change,0.79,SELL,596,0.56,0.58
2026-01-04T16:44:18.41553Z,price_change,0.78,SELL,439,0.56,0.58
2026-01-04T16:44:18.416716Z,price_change,0.28,BUY,374,0.56,0.58
2026-01-04T16:44:18.445655Z,price_change,0.5900000000000001,SELL,100,0.56,0.58
2026-01-04T16:44:19.220609Z,price_change,0.51,BUY,125,0.56,0.58
2026-01-04T16:44:37.452505Z,price_change,0.6,SELL,-526,0.56,0.58
2026-01-04T16:44:37.499187Z,price_change,0.6,SELL,-474,0.56,0.58
2026-01-04T16:44:49.336967Z,price_change,0.54,BUY,4675,0.56,0.58
2026-01-04T16:44:49.395237Z,price_change,0.5900000000000001,SELL,2719,0.56,0.58
2026-01-04T16:44:49.410522Z,price_change,0.6,SELL,3965,0.56,0.58
2026-01-04T16:44:49.487325Z,price_change,0.55,BUY,3394,0.56,0.58
2026-01-04T16:44:49.571138Z,price_change,0.6,SELL,4248,0.56,0.58
2026-01-04T16:44:49.902551Z,price_change,0.55,BUY,688,0.56,0.58
2026-01-04T16:44:49.909443Z,price_change,0.54,BUY,886,0.56,0.58
2026-01-04T16:44:49.943706Z,price_change,0.5900000000000001,SELL,558,0.56,0.58
2026-01-04T16:44:50.061258Z,price_change,0.6,SELL,862,0.56,0.58
2026-01-04T16:44:50.762909Z,price_change,0.5900000000000001,SELL,2000,0.56,0.58
2026-01-04T16:44:50.765071Z,price_change,0.54,BUY,2000,0.56,0.58
2026-01-04T16:44:58.309015Z,price_change,0.6,SELL,2210,0.56,0.58
2026-01-04T16:44:58.444918Z,price_change,0.54,BUY,8704,0.56,0.58
2026-01-04T16:44:58.487726Z,price_change,0.5900000000000001,SELL,11463,0.56,0.58
2026-01-04T16:45:04.037625Z,price_change,0.5800000000000001,SELL,-3,0.56,0.58
2026-01-04T16:45:04.06302Z,price_change,0.62,SELL,-134,0.56,0.58
2026-01-04T16:45:11.652119Z,price_change,0.51,BUY,-125,0.56,0.58
2026-01-04T16:45:18.000201Z,price_change,0.52,BUY,125,0.56,0.58
2026-01-04T16:45:40.461103Z,price_change,0.5900000000000001,SELL,-50,0.56,0.58
2026-01-04T16:45:40.464329Z,price_change,0.55,BUY,50,0.56,0.58
2026-01-04T16:45:40.783776Z,price_change,0.55,BUY,8000,0.56,0.58
2026-01-04T16:45:40.787542Z,price_change,0.54,BUY,-8000,0.56,0.58
2026-01-04T16:45:47.69878Z,price_change,0.5800000000000001,SELL,-11,0.56,0.58
2026-01-04T16:45:48.872067Z,price_change,0.6,SELL,50,0.56,0.58
2026-01-04T16:45:58.145537Z,price_change,0.55,BUY,-50,0.56,0.58
2026-01-04T16:45:59.79832Z,price_change,0.5900000000000001,SELL,-27,0.56,0.58
2026-01-04T16:45:59.858443Z,price_change,0.61,SELL,12549,0.56,0.58
2026-01-04T16:46:12.630837Z,price_change,0.5900000000000001,SELL,-14,0.56,0.58
2026-01-04T16:46:12.630837Z,price_change,0.5900000000000001,SELL,-11,0.56,0.58
2026-01-04T16:46:12.630837Z,price_change,0.5900000000000001,SELL,-4,0.56,0.58
2026-01-04T16:46:26.041712Z,price_change,0.5900000000000001,SELL,-16,0.56,0.58
2026-01-04T16:46:45.489971Z,price_change,0.6,SELL,-50,0.56,0.58
2026-01-04T16:46:46.671767Z,price_change,0.5900000000000001,SELL,-80,0.56,0.58
2026-01-04T16:46:46.671767Z,price_change,0.5900000000000001,SELL,-239,0.56,0.58
2026-01-04T16:46:46.823282Z,price_change,0.5900000000000001,SELL,100,0.56,0.58
2026-01-04T16:46:58.913315Z,price_change,0.6,SELL,50,0.56,0.58
2026-01-04T16:47:12.00065Z,price_change,0.52,BUY,-500,0.56,0.58
2026-01-04T16:47:36.587056Z,price_change,0.5900000000000001,SELL,-20,0.56,0.58
2026-01-04T16:47:44.051702Z,price_change,0.5900000000000001,SELL,-163,0.56,0.58
2026-01-04T16:47:50.580755Z,price_change,0.5900000000000001,SELL,-1,0.56,0.58
2026-01-04T16:48:00.689078Z,price_change,0.2,BUY,66,0.56,0.58
2026-01-04T16:48:11.500836Z,price_change,0.53,BUY,500,0.56,0.58
2026-01-04T16:48:28.377707Z,price_change,0.5900000000000001,SELL,-16,0.56,0.58
2026-01-04T16:48:30.351864Z,price_change,0.5900000000000001,SELL,-432,0.56,0.58
2026-01-04T16:49:47.119047Z,price_change,0.5900000000000001,SELL,-1,0.56,0.58
2026-01-04T16:49:53.268129Z,price_change,0.5900000000000001,SELL,-1,0.56,0.58
2026-01-04T16:50:00.003502Z,price_change,0.85,SELL,-620,0.56,0.58
2026-01-04T16:50:00.003502Z,price_change,0.24,BUY,-620,0.56,0.58
2026-01-04T16:50:00.977795Z,price_change,0.53,BUY,-500,0.56,0.58
2026-01-04T16:51:02.559512Z,price_change,0.5900000000000001,SELL,-8,0.56,0.58
2026-01-04T16:51:05.004483Z,price_change,0.55,BUY,50,0.56,0.58
2026-01-04T16:51:08.079953Z,price_change,0.6,SELL,-2628,0.56,0.58
2026-01-04T16:51:08.10432Z,price_change,0.5900000000000001,SELL,-2719,0.56,0.58
2026-01-04T16:51:08.105998Z,price_change,0.61,SELL,4262,0.56,0.58
2026-01-04T16:51:08.12685Z,price_change,0.6,SELL,-2210,0.56,0.58
2026-01-04T16:51:08.146302Z,price_change,0.6,SELL,-100,0.56,0.58
2026-01-04T16:51:08.261782Z,price_change,0.6,SELL,-452,0.56,0.58
2026-01-04T16:51:08.268315Z,price_change,0.56,BUY,3444,0.56,0.58
2026-01-04T16:51:08.324905Z,price_change,0.61,SELL,-74,0.56,0.58
2026-01-04T16:51:08.673019Z,price_change,0.6,SELL,75,0.56,0.58
2026-01-04T16:51:08.83737Z,price_change,0.61,SELL,37,0.56,0.58
2026-01-04T16:51:17.987157Z,price_change,0.6,SELL,-50,0.56,0.58
2026-01-04T16:51:18.930681Z,price_change,0.61,SELL,100,0.56,0.58
2026-01-04T16:51:19.114975Z,price_change,0.5900000000000001,SELL,-82,0.56,0.58
2026-01-04T16:51:26.274917Z,price_change,0.5900000000000001,SELL,-304,0.56,0.58
2026-01-04T16:51:29.633974Z,price_change,0.5900000000000001,SELL,-4,0.56,0.58
2026-01-04T16:51:30.79518Z,price_change,0.55,BUY,-50,0.56,0.58
2026-01-04T16:51:30.798543Z,price_change,0.6,SELL,50,0.56,0.58
2026-01-04T16:51:32.276292Z,price_change,0.5900000000000001,SELL,-340,0.56,0.58
2026-01-04T16:51:37.75273Z,price_change,0.62,SELL,2974,0.56,0.58
2026-01-04T16:51:37.795033Z,price_change,0.56,BUY,714,0.56,0.58
2026-01-04T16:51:37.95159Z,price_change,0.61,SELL,902,0.56,0.58
2026-01-04T16:51:39.217156Z,price_change,0.56,BUY,-30,0.56,0.58
2026-01-04T16:51:39.246049Z,price_change,0.51,BUY,-750,0.56,0.58
2026-01-04T16:51:39.246049Z,price_change,0.52,BUY,70,0.56,0.58
2026-01-04T16:51:41.122742Z,price_change,0.56,BUY,30,0.56,0.58
2026-01-04T16:51:41.148571Z,price_change,0.52,BUY,-70,0.56,0.58
2026-01-04T16:51:41.148571Z,price_change,0.51,BUY,750,0.56,0.58
2026-01-04T16:52:11.779765Z,price_change,0.5900000000000001,SELL,-146,0.56,0.58
2026-01-04T16:52:21.808377Z,price_change,0.55,BUY,50,0.56,0.58
2026-01-04T16:52:24.205287Z,price_change,0.5900000000000001,SELL,-9,0.56,0.58
2026-01-04T16:52:49.256209Z,price_change,0.55,BUY,-50,0.56,0.58
2026-01-04T16:52:53.21629Z,price_change,0.55,BUY,50,0.56,0.58
2026-01-04T16:52:57.303678Z,price_change,0.5900000000000001,SELL,-10,0.56,0.58
2026-01-04T16:53:15.129819Z,price_change,0.55,BUY,-50,0.56,0.58
2026-01-04T16:53:15.470654Z,price_change,0.6,SELL,-50,0.56,0.58
2026-01-04T16:53:16.51676Z,price_change,0.5900000000000001,SELL,-908,0.56,0.58
2026-01-04T16:53:40.2456Z,price_change,0.5800000000000001,SELL,2,0.56,0.58
2026-01-04T16:53:40.603444Z,price_change,0.61,SELL,-100,0.56,0.58
2026-01-04T16:53:53.024284Z,price_change,0.57,BUY,2,0.57,0.58
2026-01-04T16:53:53.198836Z,price_change,0.54,BUY,-100,0.57,0.58
2026-01-04T16:53:53.447357Z,price_change,0.56,BUY,-30,0.57,0.58
2026-01-04T16:53:53.58151Z,price_change,0.57,BUY,30,0.57,0.58
2026-01-04T16:54:30.096306Z,price_change,0.6,SELL,50,0.57,0.58
2026-01-04T16:54:32.622433Z,price_change,0.5800000000000001,SELL,-2,0.57,0.58
2026-01-04T16:54:32.622433Z,price_change,0.58,BUY,18,0.58,0.58
2026-01-04T16:54:32.797774Z,price_change,0.55,BUY,-75,0.58,0.58
2026-01-04T16:54:32.959579Z,price_change,0.57,BUY,-30,0.58,0.58
2026-01-04T16:54:33.335566Z,price_change,0.58,BUY,30,0.58,0.58
2026-01-04T16:54:33.378266Z,price_change,0.61,SELL,100,0.58,0.58
2026-01-04T16:54:38.872343Z,price_change,0.57,BUY,4755,0.58,0.58
2026-01-04T16:54:38.873394Z,price_change,0.54,BUY,-4675,0.58,0.58
2026-01-04T16:54:39.576897Z,price_change,0.58,BUY,-30,0.58,0.58
2026-01-04T16:54:39.674408Z,price_change,0.58,BUY,30,0.58,0.58
2026-01-04T16:54:39.674454Z,price_change,0.56,BUY,100,0.58,0.58
2026-01-04T16:54:41.056396Z,price_change,0.5900000000000001,SELL,-1,0.58,0.58
2026-01-04T16:54:49.820367Z,price_change,0.6,SELL,82,0.58,0.58
2026-01-04T16:54:49.821871Z,price_change,0.55,BUY,82,0.58,0.58
2026-01-04T16:54:49.880436Z,price_change,0.6,SELL,134,0.58,0.58
2026-01-04T16:54:55.200844Z,price_change,0.5900000000000001,SELL,-81,0.58,0.58
2026-01-04T16:54:57.822905Z,price_change,0.6,SELL,112,0.58,0.58
2026-01-04T16:54:57.824409Z,price_change,0.55,BUY,112,0.58,0.58
2026-01-04T16:54:57.997375Z,price_change,0.6,SELL,182,0.58,0.58
2026-01-04T16:55:00.06939Z,price_change,0.5900000000000001,SELL,-12987,0.58,0.58
2026-01-04T16:55:01.340527Z,price_change,0.58,BUY,-30,0.58,0.58
2026-01-04T16:55:01.441979Z,price_change,0.58,BUY,30,0.58,0.58
2026-01-04T16:55:01.822107Z,price_change,0.54,BUY,-2000,0.58,0.58
2026-01-04T16:55:01.824247Z,price_change,0.5900000000000001,SELL,-2000,0.58,0.58
2026-01-04T16:55:01.846334Z,price_change,0.63,SELL,21,0.58,0.58
2026-01-04T16:55:02.672724Z,price_change,0.5900000000000001,SELL,-100,0.58,0.58
2026-01-04T16:55:02.672724Z,price_change,0.5900000000000001,SELL,-300,0.58,0.58
2026-01-04T16:55:02.864234Z,price_change,0.5900000000000001,SELL,-258,0.58,0.58
2026-01-04T16:55:21.590247Z,price_change,0.5900000000000001,SELL,-32,0.58,0.58
2026-01-04T16:55:28.950397Z,price_change,0.58,BUY,-30,0.58,0.58
2026-01-04T16:55:28.97662Z,price_change,0.51,BUY,-750,0.58,0.58
2026-01-04T16:55:28.97662Z,price_change,0.52,BUY,750,0.58,0.58
2026-01-04T16:55:29.047894Z,price_change,0.58,BUY,30,0.58,0.58
2026-01-04T16:55:33.377429Z,price_change,0.5900000000000001,SELL,-5,0.58,0.58
2026-01-04T16:55:42.13088Z,price_change,0.6,SELL,-50,0.58,0.58
2026-01-04T16:55:59.976306Z,price_change,0.58,BUY,2,0.58,0.58
2026-01-04T16:56:59.927871Z,price_change,0.5900000000000001,SELL,-16,0.58,0.58
2026-01-04T16:57:00.344799Z,price_change,0.6,SELL,50,0.58,0.58
2026-01-04T16:57:18.629949Z,price_change,0.6,SELL,-4248,0.58,0.58
2026-01-04T16:57:18.633564Z,price_change,0.6,SELL,-182,0.58,0.58
2026-01-04T16:57:18.63435Z,price_change,0.6,SELL,-134,0.58,0.58
2026-01-04T16:57:18.984325Z,price_change,0.61,SELL,333,0.58,0.58
2026-01-04T16:57:20.948612Z,price_change,0.55,BUY,-500,0.58,0.58
2026-01-04T16:57:21.243717Z,price_change,0.54,BUY,500,0.58,0.58
2026-01-04T16:57:22.627784Z,price_change,0.61,SELL,-3118,0.58,0.58
2026-01-04T16:57:22.669578Z,price_change,0.61,SELL,-333,0.58,0.58
2026-01-04T16:57:22.671163Z,price_change,0.61,SELL,-37,0.58,0.58
2026-01-04T16:57:26.897454Z,price_change,0.58,BUY,-2,0.58,0.58
2026-01-04T16:57:34.497824Z,price_change,0.5900000000000001,SELL,-81,0.58,0.58
2026-01-04T16:57:35.344102Z,price_change,0.5900000000000001,SELL,-8,0.58,0.58
2026-01-04T16:57:41.036352Z,price_change,0.5900000000000001,SELL,-42,0.58,0.58
2026-01-04T16:58:05.883357Z,price_change,0.54,BUY,-500,0.58,0.58
2026-01-04T16:58:05.905251Z,price_change,0.5900000000000001,SELL,-4,0.58,0.58
2026-01-04T16:58:06.436328Z,price_change,0.6,SELL,-500,0.58,0.58
2026-01-04T16:58:09.556717Z,price_change,0.6,SELL,-50,0.58,0.58
2026-01-04T16:58:13.3479Z,price_change,0.01,BUY,99,0.58,0.58
2026-01-04T16:58:13.392289Z,price_change,0.02,BUY,99,0.58,0.58
2026-01-04T16:58:13.433112Z,price_change,0.03,BUY,99,0.58,0.58
2026-01-04T16:58:13.473862Z,price_change,0.05,BUY,99,0.58,0.58
2026-01-04T16:58:17.557922Z,price_change,0.6,SELL,50,0.58,0.58
2026-01-04T16:58:29.604884Z,price_change,0.6,SELL,324,0.58,0.58
2026-01-04T16:58:29.751756Z,price_change,0.6,SELL,-324,0.58,0.58
2026-01-04T16:58:34.539849Z,price_change,0.5900000000000001,SELL,-31,0.58,0.58
2026-01-04T16:58:34.586395Z,price_change,0.5900000000000001,SELL,-17,0.58,0.58
2026-01-04T16:58:36.169005Z,price_change,0.61,SELL,3550,0.58,0.58
2026-01-04T16:58:53.029652Z,price_change,0.5900000000000001,SELL,-41,0.58,0.58
2026-01-04T16:58:53.057485Z,price_change,0.52,BUY,-127,0.58,0.58
2026-01-04T16:58:55.017205Z,price_change,0.6,SELL,4320,0.58,0.58
2026-01-04T16:58:56.087545Z,price_change,0.5900000000000001,SELL,-125,0.58,0.58
2026-01-04T16:58:56.191692Z,price_change,0.5900000000000001,SELL,-100,0.58,0.58
2026-01-04T16:58:56.193232Z,price_change,0.6,SELL,100,0.58,0.58
2026-01-04T16:58:58.667325Z,price_change,0.6,SELL,324,0.58,0.58
2026-01-04T16:58:58.864609Z,price_change,0.61,SELL,-334,0.58,0.58
2026-01-04T16:58:59.43117Z,price_change,0.6,SELL,-82,0.58,0.58
2026-01-04T16:58:59.432891Z,price_change,0.6,SELL,-112,0.58,0.58
2026-01-04T16:58:59.764433Z,price_change,0.54,BUY,4595,0.58,0.58
2026-01-04T16:58:59.77358Z,price_change,0.58,BUY,-30,0.58,0.58
2026-01-04T16:58:59.854693Z,price_change,0.6,SELL,204,0.58,0.58
2026-01-04T16:58:59.910703Z,price_change,0.56,BUY,-3444,0.58,0.58
2026-01-04T16:58:59.913873Z,price_change,0.57,BUY,-4755,0.58,0.58
2026-01-04T16:59:00.044704Z,price_change,0.58,BUY,30,0.58,0.58
2026-01-04T16:59:00.065538Z,price_change,0.28,BUY,-374,0.58,0.58
2026-01-04T16:59:00.068148Z,price_change,0.27,BUY,-623,0.58,0.58
2026-01-04T16:59:00.069184Z,price_change,0.56,BUY,619,0.58,0.58
2026-01-04T16:59:00.07531Z,price_change,0.52,BUY,-623,0.58,0.58
2026-01-04T16:59:00.07531Z,price_change,0.51,BUY,750,0.58,0.58
2026-01-04T16:59:00.082439Z,price_change,0.6,SELL,-324,0.58,0.58
2026-01-04T16:59:01.275849Z,price_change,0.61,SELL,-3216,0.58,0.58
2026-01-04T16:59:01.439099Z,price_change,0.61,SELL,-849,0.58,0.58
2026-01-04T16:59:02.543261Z,price_change,0.56,BUY,3700,0.58,0.58
2026-01-04T16:59:06.712488Z,price_change,0.61,SELL,333,0.58,0.58
2026-01-04T16:59:10.733021Z,price_change,0.5900000000000001,SELL,2587,0.58,0.58
2026-01-04T16:59:10.793695Z,price_change,0.5900000000000001,SELL,551,0.58,0.58
2026-01-04T16:59:10.823559Z,price_change,0.6,SELL,705,0.58,0.58
2026-01-04T16:59:12.066646Z,price_change,0.5900000000000001,SELL,-1,0.58,0.58
2026-01-04T16:59:14.11831Z,price_change,0.5900000000000001,SELL,-4,0.58,0.58
2026-01-04T16:59:14.189614Z,price_change,0.55,BUY,100,0.58,0.58
2026-01-04T16:59:22.245508Z,price_change,0.5900000000000001,SELL,-1329,0.58,0.58
2026-01-04T16:59:30.002024Z,price_change,0.53,BUY,-9,0.58,0.58
2026-01-04T16:59:46.299094Z,price_change,0.56,BUY,250,0.58,0.58
2026-01-04T16:59:46.337892Z,price_change,0.5900000000000001,SELL,1000,0.58,0.58
2026-01-04T16:59:55.656762Z,price_change,0.6,SELL,-1351,0.58,0.58
2026-01-04T16:59:55.657535Z,price_change,0.6,SELL,-885,0.58,0.58
2026-01-04T16:59:55.658242Z,price_change,0.61,SELL,-8508,0.58,0.58
2026-01-04T16:59:55.659067Z,price_change,0.61,SELL,-333,0.58,0.58
2026-01-04T16:59:55.659833Z,price_change,0.6,SELL,-705,0.58,0.58
2026-01-04T16:59:59.00561Z,price_change,0.8,SELL,-615,0.58,0.58
2026-01-04T16:59:59.00561Z,price_change,0.25,BUY,-617,0.58,0.58
2026-01-04T17:00:00.007781Z,price_change,0.58,BUY,-2,0.58,0.58
2026-01-04T17:00:00.131427Z,price_change,0.51,BUY,-501,0.58,0.58
2026-01-04T17:00:00.475239Z,price_change,0.6,SELL,-204,0.58,0.58
2026-01-04T17:00:00.482394Z,price_change,0.55,BUY,-82,0.58,0.58
2026-01-04T17:00:00.48369Z,price_change,0.55,BUY,-112,0.58,0.58
2026-01-04T17:00:00.53255Z,price_change,0.55,BUY,-3394,0.58,0.58
2026-01-04T17:00:00.538995Z,price_change,0.5900000000000001,SELL,1,0.58,0.58
2026-01-04T17:00:00.562182Z,price_change,0.51,BUY,-249,0.58,0.58
2026-01-04T17:00:01.057066Z,price_change,0.58,BUY,-30,0.58,0.58
2026-01-04T17:00:01.08314Z,price_change,0.52,BUY,1,0.58,0.58
2026-01-04T17:00:01.1505Z,price_change,0.58,BUY,30,0.58,0.58
2026-01-04T17:00:01.622651Z,price_change,0.55,BUY,-688,0.58,0.58
2026-01-04T17:00:01.653681Z,price_change,0.6,SELL,-862,0.58,0.58
2026-01-04T17:00:01.654087Z,price_change,0.54,BUY,-886,0.58,0.58
2026-01-04T17:00:02.456456Z,price_change,0.56,BUY,-714,0.58,0.58
2026-01-04T17:00:02.51973Z,price_change,0.61,SELL,-902,0.58,0.58
2026-01-04T17:00:02.575397Z,price_change,0.5900000000000001,SELL,-551,0.58,0.58
2026-01-04T17:00:04.811232Z,price_change,0.61,SELL,-4262,0.58,0.58
2026-01-04T17:00:04.813924Z,price_change,0.62,SELL,-2974,0.58,0.58
2026-01-04T17:00:05.023825Z,price_change,0.6,SELL,-4320,0.58,0.58
2026-01-04T17:00:05.055839Z,price_change,0.54,BUY,-4595,0.58,0.58
2026-01-04T17:00:05.241771Z,price_change,0.56,BUY,-3700,0.58,0.58
2026-01-04T17:00:05.345643Z,price_change,0.5900000000000001,SELL,-2587,0.58,0.58
2026-01-04T17:00:05.478404Z,price_change,0.54,BUY,-8704,0.58,0.58
2026-01-04T17:00:05.492487Z,price_change,0.5900000000000001,SELL,-9727,0.58,0.58
2026-01-04T17:00:06.175169Z,price_change,0.27,BUY,411,0.58,0.58
2026-01-04T17:00:06.205184Z,price_change,0.5900000000000001,SELL,-1000,0.58,0.58
2026-01-04T17:00:06.224581Z,price_change,0.6,SELL,1000,0.58,0.58
2026-01-04T17:00:06.545528Z,price_change,0.58,BUY,-30,0.58,0.58
2026-01-04T17:00:06.846468Z,price_change,0.58,BUY,30,0.58,0.58
2026-01-04T17:00:08.484468Z,price_change,0.58,BUY,-30,0.58,0.58
2026-01-04T17:00:08.521572Z,price_change,0.52,BUY,248,0.58,0.58
2026-01-04T17:00:08.654904Z,price_change,0.58,BUY,30,0.58,0.58
2026-01-04T17:00:14.617795Z,price_change,0.6,SELL,-75,0.58,0.58
2026-01-04T17:00:15.134917Z,price_change,0.61,SELL,-100,0.58,0.58
2026-01-04T17:00:15.159401Z,price_change,0.6,SELL,-1000,0.58,0.58
2026-01-04T17:00:15.175618Z,price_change,0.75,SELL,1000,0.58,0.58
2026-01-04T17:00:15.73102Z,price_change,0.56,BUY,-100,0.58,0.58
2026-01-04T17:00:16.233926Z,price_change,0.58,BUY,-30,0.58,0.58
2026-01-04T17:00:19.000271Z,price_change,0.5,BUY,-10,0.58,0.58
2026-01-04T17:00:19.334752Z,price_change,0.5900000000000001,SELL,-1,0.58,0.58
2026-01-04T17:00:19.334752Z,price_change,0.6,SELL,1,0.58,0.58
2026-01-04T17:00:19.438554Z,price_change,0.6,SELL,-50,0.58,0.58
2026-01-04T17:00:19.438554Z,price_change,0.61,SELL,50,0.58,0.58
2026-01-04T17:00:19.619204Z,price_change,0.79,SELL,-596,0.58,0.58
2026-01-04T17:00:19.620341Z,price_change,0.77,SELL,525,0.58,0.58
2026-01-04T17:00:19.953505Z,price_change,0.6,SELL,-1,0.58,0.58
2026-01-04T17:00:19.953505Z,price_change,0.5900000000000001,SELL,1,0.58,0.58
2026-01-04T17:00:19.978174Z,price_change,0.75,SELL,-1000,0.58,0.58
2026-01-04T17:00:19.992526Z,price_change,0.74,SELL,1000,0.58,0.58
2026-01-04T17:00:20.147512Z,price_change,0.78,SELL,-439,0.58,0.58
2026-01-04T17:00:20.737245Z,price_change,0.76,SELL,464,0.58,0.58
2026-01-04T17:00:20.754562Z,price_change,0.74,SELL,-1000,0.58,0.58
2026-01-04T17:00:20.773914Z,price_change,0.73,SELL,1000,0.58,0.58
2026-01-04T17:00:30.540641Z,price_change,0.5900000000000001,SELL,-1,0.58,0.58
2026-01-04T17:00:30.540641Z,price_change,0.6,SELL,1,0.58,0.58
2026-01-04T17:00:30.775104Z,price_change,0.52,BUY,-125,0.58,0.58
2026-01-04T17:00:32.343368Z,price_change,0.6,SELL,-25,0.58,0.58
2026-01-04T17:00:35.917976Z,price_change,0.6,SELL,-1,0.58,0.58
2026-01-04T17:00:35.917976Z,price_change,0.5900000000000001,SELL,1,0.58,0.58
2026-01-04T17:00:38.247979Z,price_change,0.5900000000000001,SELL,100,0.58,0.58
2026-01-04T17:00:38.260495Z,price_change,0.6,SELL,-100,0.58,0.58
2026-01-04T17:00:38.276942Z,price_change,0.52,BUY,-109,0.58,0.58
2026-01-04T17:00:42.987834Z,price_change,0.5900000000000001,SELL,-1,0.58,0.58
2026-01-04T17:00:42.987834Z,price_change,0.6,SELL,1,0.58,0.58
2026-01-04T17:00:43.00661Z,price_change,0.73,SELL,-1000,0.58,0.58
2026-01-04T17:00:43.040018Z,price_change,0.5900000000000001,SELL,1000,0.58,0.58
2026-01-04T17:00:43.607939Z,price_change,0.6,SELL,-1,0.58,0.58
2026-01-04T17:00:43.607939Z,price_change,0.5900000000000001,SELL,1,0.58,0.58
2026-01-04T17:00:43.630425Z,price_change,0.52,BUY,109,0.58,0.58
2026-01-04T17:00:43.98096Z,price_change,0.58,BUY,-2,0.58,0.58
2026-01-04T17:00:44.212563Z,price_change,0.4,BUY,2,0.58,0.58
2026-01-04T17:00:47.299598Z,price_change,0.5900000000000001,SELL,-1,0.58,0.58
2026-01-04T17:00:47.299598Z,price_change,0.6,SELL,1,0.58,0.58
2026-01-04T17:00:47.330758Z,price_change,0.63,SELL,-21,0.58,0.58
2026-01-04T17:00:47.330758Z,price_change,0.64,SELL,39,0.58,0.58
2026-01-04T17:00:48.250684Z,price_change,0.6,SELL,100,0.58,0.58
2026-01-04T17:00:48.252198Z,price_change,0.5900000000000001,SELL,-100,0.58,0.58
2026-01-04T17:00:48.931389Z,price_change,0.5900000000000001,SELL,-1000,0.58,0.58
2026-01-04T17:00:48.949285Z,price_change,0.73,SELL,1000,0.58,0.58
2026-01-04T17:00:48.96783Z,price_change,0.64,SELL,-35,0.58,0.58
2026-01-04T17:01:02.518488Z,price_change,0.8,SELL,100,0.58,0.58
2026-01-04T17:01:02.737602Z,price_change,0.6,SELL,-4,0.58,0.58
2026-01-04T17:01:02.737602Z,price_change,0.6,SELL,-2,0.58,0.58
2026-01-04T17:01:08.340417Z,price_change,0.5900000000000001,SELL,200,0.58,0.58
2026-01-04T17:01:08.356705Z,price_change,0.73,SELL,-1000,0.58,0.58
2026-01-04T17:01:08.370594Z,price_change,0.5900000000000001,SELL,1000,0.58,0.58
2026-01-04T17:01:09.464633Z,price_change,0.5900000000000001,SELL,-70,0.58,0.58
2026-01-04T17:01:09.759183Z,price_change,0.61,SELL,-50,0.58,0.58
2026-01-04T17:01:09.759183Z,price_change,0.6,SELL,50,0.58,0.58
2026-01-04T17:01:15.714612Z,price_change,0.76,SELL,-464,0.58,0.58
2026-01-04T17:01:15.717227Z,price_change,0.27,BUY,-411,0.58,0.58
2026-01-04T17:01:15.719061Z,price_change,0.77,SELL,-525,0.58,0.58
2026-01-04T17:01:15.720656Z,price_change,0.56,BUY,-619,0.58,0.58
2026-01-04T17:01:18.166522Z,price_change,0.8,SELL,-100,0.58,0.58
2026-01-04T17:01:18.195038Z,price_change,0.79,SELL,95,0.58,0.58
2026-01-04T17:01:18.196036Z,price_change,0.56,BUY,-250,0.58,0.58
2026-01-04T17:01:18.215379Z,price_change,0.55,BUY,250,0.58,0.58
2026-01-04T17:01:31.733325Z,price_change,0.5900000000000001,SELL,-2,0.58,0.58
2026-01-04T17:01:31.759807Z,price_change,0.52,BUY,-1,0.58,0.58
2026-01-04T17:01:36.53172Z,price_change,0.56,BUY,590,0.58,0.58
2026-01-04T17:01:36.533343Z,price_change,0.78,SELL,582,0.58,0.58
2026-01-04T17:01:36.534729Z,price_change,0.77,SELL,443,0.58,0.58
2026-01-04T17:01:36.535848Z,price_change,0.27,BUY,448,0.58,0.58
2026-01-04T17:01:36.561819Z,price_change,0.55,BUY,-250,0.58,0.58
2026-01-04T17:01:36.574097Z,price_change,0.56,BUY,250,0.58,0.58
2026-01-04T17:01:40.633838Z,price_change,0.5900000000000001,SELL,-32,0.58,0.58
2026-01-04T17:01:40.652474Z,price_change,0.5900000000000001,SELL,-1000,0.58,0.58
2026-01-04T17:01:40.660289Z,price_change,0.52,BUY,-213,0.58,0.58
2026-01-04T17:01:40.666224Z,price_change,0.74,SELL,1000,0.58,0.58
2026-01-04T17:01:41.308419Z,price_change,0.5900000000000001,SELL,104,0.58,0.58
2026-01-04T17:01:41.32604Z,price_change,0.5900000000000001,SELL,-96,0.58,0.58
2026-01-04T17:01:41.328447Z,price_change,0.74,SELL,-1000,0.58,0.58
2026-01-04T17:01:41.351204Z,price_change,0.5900000000000001,SELL,1000,0.58,0.58
2026-01-04T17:01:48.254673Z,price_change,0.79,SELL,-95,0.58,0.58
2026-01-04T17:01:48.281295Z,price_change,0.8,SELL,100,0.58,0.58
2026-01-04T17:01:53.286133Z,price_change,0.6,SELL,18,0.58,0.58
2026-01-04T17:01:53.462928Z,price_change,0.5900000000000001,SELL,-26,0.58,0.58
2026-01-04T17:01:53.486035Z,price_change,0.5900000000000001,SELL,-1000,0.58,0.58
2026-01-04T17:01:53.498408Z,price_change,0.64,SELL,4,0.58,0.58
2026-01-04T17:01:53.501643Z,price_change,0.52,BUY,-7,0.58,0.58
2026-01-04T17:01:53.504086Z,price_change,0.74,SELL,1000,0.58,0.58
2026-01-04T17:01:53.805231Z,price_change,0.6,SELL,1,0.58,0.58
2026-01-04T17:01:54.175756Z,price_change,0.5900000000000001,SELL,122,0.58,0.58
2026-01-04T17:01:54.191705Z,price_change,0.5900000000000001,SELL,-78,0.58,0.58
2026-01-04T17:01:54.197824Z,price_change,0.74,SELL,-1000,0.58,0.58
2026-01-04T17:01:54.200955Z,price_change,0.52,BUY,-1,0.58,0.58
2026-01-04T17:01:54.210981Z,price_change,0.5900000000000001,SELL,1000,0.58,0.58
2026-01-04T17:01:57.355359Z,price_change,0.6,SELL,-1,0.58,0.58
2026-01-04T17:01:57.909242Z,price_change,0.5900000000000001,SELL,-122,0.58,0.58
2026-01-04T17:01:57.909242Z,price_change,0.5900000000000001,SELL,-1,0.58,0.58
2026-01-04T17:01:57.924679Z,price_change,0.5900000000000001,SELL,-999,0.58,0.58
2026-01-04T17:01:57.937688Z,price_change,0.74,SELL,1000,0.58,0.58
2026-01-04T17:01:57.942193Z,price_change,0.52,BUY,-1,0.58,0.58
2026-01-04T17:01:58.045561Z,price_change,0.6,SELL,1,0.58,0.58
2026-01-04T17:01:58.050983Z,price_change,0.6,SELL,-50,0.58,0.58
2026-01-04T17:01:58.050983Z,price_change,0.61,SELL,50,0.58,0.58
2026-01-04T17:01:58.220852Z,price_change,0.6,SELL,2,0.58,0.58
2026-01-04T17:01:58.25276Z,price_change,0.6,SELL,-1,0.58,0.58
2026-01-04T17:01:58.256872Z,price_change,0.52,BUY,1,0.58,0.58
2026-01-04T17:01:58.466026Z,price_change,0.5900000000000001,SELL,20,0.58,0.58
2026-01-04T17:01:58.490948Z,price_change,0.6,SELL,-2,0.58,0.58
2026-01-04T17:01:59.534954Z,price_change,0.6,SELL,4,0.58,0.58
2026-01-04T17:02:00.458659Z,price_change,0.6,SELL,4,0.58,0.58
2026-01-04T17:02:00.49319Z,price_change,0.6,SELL,-4,0.58,0.58
2026-01-04T17:02:01.672675Z,price_change,0.61,SELL,-50,0.58,0.58
2026-01-04T17:02:01.672675Z,price_change,0.6,SELL,50,0.58,0.58
2026-01-04T17:02:02.349106Z,price_change,0.5900000000000001,SELL,-8,0.58,0.58
2026-01-04T17:02:02.380598Z,price_change,0.52,BUY,3,0.58,0.58
2026-01-04T17:02:02.458285Z,price_change,0.6,SELL,5,0.58,0.58
2026-01-04T17:02:02.492591Z,price_change,0.6,SELL,-4,0.58,0.58
2026-01-04T17:02:03.059169Z,price_change,0.5900000000000001,SELL,8,0.58,0.58
2026-01-04T17:02:03.103091Z,price_change,0.5900000000000001,SELL,-12,0.58,0.58
2026-01-04T17:02:07.072387Z,price_change,0.6,SELL,6,0.58,0.58
2026-01-04T17:02:07.082371Z,price_change,0.6,SELL,-5,0.58,0.58
2026-01-04T17:02:10.222366Z,price_change,0.6,SELL,-50,0.58,0.58
2026-01-04T17:02:10.222366Z,price_change,0.61,SELL,50,0.58,0.58
2026-01-04T17:02:10.266514Z,price_change,0.6,SELL,6,0.58,0.58
2026-01-04T17:02:10.272491Z,price_change,0.6,SELL,-6,0.58,0.58
2026-01-04T17:02:11.515898Z,price_change,0.8,SELL,-100,0.58,0.58
2026-01-04T17:02:11.568797Z,price_change,0.8,SELL,100,0.58,0.58
2026-01-04T17:02:13.336654Z,price_change,0.5900000000000001,SELL,-2,0.58,0.58
2026-01-04T17:02:13.366316Z,price_change,0.52,BUY,218,0.58,0.58
2026-01-04T17:02:13.897909Z,price_change,0.5900000000000001,SELL,14,0.58,0.58
2026-01-04T17:02:13.918333Z,price_change,0.5900000000000001,SELL,-6,0.58,0.58
2026-01-04T17:02:14.009338Z,price_change,0.6,SELL,5,0.58,0.58
2026-01-04T17:02:14.042025Z,price_change,0.6,SELL,-6,0.58,0.58
2026-01-04T17:02:15.564516Z,price_change,0.6,SELL,-6,0.58,0.58
2026-01-04T17:02:15.599706Z,price_change,0.6,SELL,-5,0.58,0.58
2026-01-04T17:02:16.317467Z,price_change,0.6,SELL,18,0.58,0.58
2026-01-04T17:02:20.21531Z,price_change,0.6,SELL,18,0.58,0.58
2026-01-04T17:02:20.223817Z,price_change,0.6,SELL,-18,0.58,0.58
2026-01-04T17:02:20.471596Z,price_change,0.74,SELL,-1000,0.58,0.58
2026-01-04T17:02:20.485684Z,price_change,0.56,BUY,-250,0.58,0.58
2026-01-04T17:02:20.760346Z,price_change,0.56,BUY,250,0.58,0.58
2026-01-04T17:02:20.803133Z,price_change,0.56,BUY,-250,0.58,0.58
2026-01-04T17:02:21.173354Z,price_change,0.56,BUY,250,0.58,0.58
2026-01-04T17:02:21.174422Z,price_change,0.54,BUY,4167,0.58,0.58
2026-01-04T17:02:21.186065Z,price_change,0.5900000000000001,SELL,5488,0.58,0.58
2026-01-04T17:02:21.222598Z,price_change,0.64,SELL,240,0.58,0.58
2026-01-04T17:02:21.223609Z,price_change,0.52,BUY,-248,0.58,0.58
2026-01-04T17:02:21.223609Z,price_change,0.51,BUY,248,0.58,0.58
2026-01-04T17:02:21.40318Z,price_change,0.6,SELL,-1,0.58,0.58
2026-01-04T17:02:21.458371Z,price_change,0.6,SELL,-12,0.58,0.58
2026-01-04T17:02:21.494453Z,price_change,0.56,BUY,-250,0.58,0.58
2026-01-04T17:02:21.494871Z,price_change,0.6,SELL,-18,0.58,0.58
2026-01-04T17:02:21.54504Z,price_change,0.5900000000000001,SELL,1000,0.58,0.58
2026-01-04T17:02:21.563617Z,price_change,0.77,SELL,-443,0.58,0.58
2026-01-04T17:02:21.566309Z,price_change,0.78,SELL,-582,0.58,0.58
2026-01-04T17:02:21.567399Z,price_change,0.27,BUY,-448,0.58,0.58
2026-01-04T17:02:21.56854Z,price_change,0.28,BUY,462,0.58,0.58
2026-01-04T17:02:21.569735Z,price_change,0.79,SELL,638,0.58,0.58
2026-01-04T17:02:21.572944Z,price_change,0.51,BUY,-248,0.58,0.58
2026-01-04T17:02:21.572944Z,price_change,0.52,BUY,30,0.58,0.58
2026-01-04T17:02:21.670776Z,price_change,0.55,BUY,-8000,0.58,0.58
2026-01-04T17:02:21.672159Z,price_change,0.6,SELL,-7998,0.58,0.58
2026-01-04T17:02:21.689115Z,price_change,0.56,BUY,-590,0.58,0.58
2026-01-04T17:02:21.701644Z,price_change,0.5900000000000001,SELL,-1000,0.58,0.58
2026-01-04T17:02:21.8502Z,price_change,0.57,BUY,200,0.58,0.58
2026-01-04T17:02:21.850921Z,price_change,0.6,SELL,200,0.58,0.58
2026-01-04T17:02:22.124101Z,price_change,0.6,SELL,-200,0.58,0.58
2026-01-04T17:02:22.994642Z,price_change,0.6,SELL,-100,0.58,0.58
2026-01-04T17:02:22.996364Z,price_change,0.61,SELL,100,0.58,0.58
2026-01-04T17:02:23.008378Z,price_change,0.29,BUY,534,0.58,0.58
2026-01-04T17:02:23.011272Z,price_change,0.78,SELL,343,0.58,0.58
2026-01-04T17:02:23.232507Z,price_change,0.56,BUY,189,0.58,0.58
2026-01-04T17:02:23.275313Z,price_change,0.61,SELL,189,0.58,0.58
2026-01-04T17:02:23.763303Z,price_change,0.56,BUY,200,0.58,0.58
2026-01-04T17:02:23.764933Z,price_change,0.5900000000000001,SELL,200,0.58,0.58
2026-01-04T17:02:23.795655Z,price_change,0.64,SELL,-248,0.58,0.58
2026-01-04T17:02:23.795655Z,price_change,0.63,SELL,248,0.58,0.58
2026-01-04T17:02:23.795885Z,price_change,0.52,BUY,139,0.58,0.58
2026-01-04T17:02:23.917528Z,price_change,0.57,BUY,-200,0.58,0.58
2026-01-04T17:02:24.299321Z,price_change,0.6,SELL,100,0.58,0.58
2026-01-04T17:02:24.300965Z,price_change,0.61,SELL,-100,0.58,0.58
2026-01-04T17:02:24.671836Z,price_change,0.56,BUY,-200,0.58,0.58
2026-01-04T17:02:24.672699Z,price_change,0.5900000000000001,SELL,-200,0.58,0.58
2026-01-04T17:02:24.69865Z,price_change,0.52,BUY,-140,0.58,0.58
2026-01-04T17:02:25.919216Z,price_change,0.56,BUY,100,0.58,0.58
2026-01-04T17:02:25.920772Z,price_change,0.5900000000000001,SELL,100,0.58,0.58
2026-01-04T17:02:26.275185Z,price_change,0.5900000000000001,SELL,186,0.58,0.58
2026-01-04T17:02:26.946119Z,price_change,0.5900000000000001,SELL,-14,0.58,0.58
2026-01-04T17:02:26.946119Z,price_change,0.5900000000000001,SELL,-186,0.58,0.58
2026-01-04T17:02:27.075538Z,price_change,0.61,SELL,282,0.58,0.58
2026-01-04T17:02:29.229194Z,price_change,0.56,BUY,-189,0.58,0.58
2026-01-04T17:02:29.421177Z,price_change,0.5900000000000001,SELL,10,0.58,0.58
2026-01-04T17:02:30.000432Z,price_change,0.61,SELL,-282,0.58,0.58
2026-01-04T17:02:31.072723Z,price_change,0.54,BUY,-4167,0.58,0.58
2026-01-04T17:02:31.072723Z,price_change,0.5900000000000001,SELL,-5488,0.58,0.58
2026-01-04T17:02:31.095386Z,price_change,0.4,BUY,161,0.58,0.58
2026-01-04T17:02:31.095399Z,price_change,0.63,SELL,122,0.58,0.58
2026-01-04T17:02:31.108039Z,price_change,0.63,SELL,100,0.58,0.58
2026-01-04T17:02:31.109106Z,price_change,0.6,SELL,-100,0.58,0.58
2026-01-04T17:02:31.131166Z,price_change,0.52,BUY,-29,0.58,0.58
2026-01-04T17:02:31.131166Z,price_change,0.45,BUY,36,0.58,0.58
2026-01-04T17:02:31.133518Z,price_change,0.4,BUY,-161,0.58,0.58
2026-01-04T17:02:31.133518Z,price_change,0.41,BUY,100,0.58,0.58
2026-01-04T17:02:31.154865Z,price_change,0.41,BUY,-100,0.58,0.58
2026-01-04T17:02:31.154865Z,price_change,0.46,BUY,100,0.58,0.58
2026-01-04T17:02:31.165879Z,price_change,0.46,BUY,9,0.58,0.58
2026-01-04T17:02:31.218926Z,price_change,0.46,BUY,14,0.58,0.58
2026-01-04T17:02:31.233221Z,price_change,0.46,BUY,-14,0.58,0.58
2026-01-04T17:02:31.277033Z,price_change,0.54,BUY,130,0.58,0.58
2026-01-04T17:02:31.2782Z,price_change,0.5900000000000001,SELL,130,0.58,0.58
2026-01-04T17:02:31.303154Z,price_change,0.5900000000000001,SELL,100,0.58,0.58
2026-01-04T17:02:31.303999Z,price_change,0.46,BUY,-109,0.58,0.58
2026-01-04T17:02:31.303999Z,price_change,0.52,BUY,100,0.58,0.58
2026-01-04T17:02:31.305043Z,price_change,0.63,SELL,129,0.58,0.58
2026-01-04T17:02:31.310663Z,price_change,0.63,SELL,-241,0.58,0.58
2026-01-04T17:02:31.321232Z,price_change,0.45,BUY,-36,0.58,0.58
2026-01-04T17:02:31.321232Z,price_change,0.51,BUY,70,0.58,0.58
2026-01-04T17:02:31.392285Z,price_change,0.63,SELL,-10,0.58,0.58
2026-01-04T17:02:31.493697Z,price_change,0.6,SELL,41,0.58,0.58
2026-01-04T17:02:31.582042Z,price_change,0.61,SELL,-189,0.58,0.58
2026-01-04T17:02:31.713997Z,price_change,0.62,SELL,1,0.58,0.58
2026-01-04T17:02:31.840856Z,price_change,0.63,SELL,10,0.58,0.58
2026-01-04T17:02:31.904239Z,price_change,0.6,SELL,-41,0.58,0.58
2026-01-04T17:02:31.904239Z,price_change,0.62,SELL,41,0.58,0.58
2026-01-04T17:02:31.913242Z,price_change,0.5900000000000001,SELL,-130,0.58,0.58
2026-01-04T17:02:31.917489Z,price_change,0.54,BUY,-130,0.58,0.58
2026-01-04T17:02:31.934083Z,price_change,0.63,SELL,-129,0.58,0.58
2026-01-04T17:02:31.943488Z,price_change,0.63,SELL,-7,0.58,0.58
2026-01-04T17:02:31.943488Z,price_change,0.64,SELL,175,0.58,0.58
2026-01-04T17:02:32.49339Z,price_change,0.62,SELL,9,0.58,0.58
2026-01-04T17:02:32.5525Z,price_change,0.52,BUY,25,0.58,0.58
2026-01-04T17:02:32.597719Z,price_change,0.8,SELL,-100,0.58,0.58
2026-01-04T17:02:32.626147Z,price_change,0.79,SELL,95,0.58,0.58
2026-01-04T17:02:34.956023Z,price_change,0.5900000000000001,SELL,200,0.58,0.58
2026-01-04T17:02:34.986028Z,price_change,0.51,BUY,17,0.58,0.58
2026-01-04T17:02:34.987686Z,price_change,0.64,SELL,-90,0.58,0.58
2026-01-04T17:02:38.987134Z,price_change,0.62,SELL,1,0.58,0.58
2026-01-04T17:02:38.98931Z,price_change,0.62,SELL,-9,0.58,0.58
2026-01-04T17:02:39.030378Z,price_change,0.52,BUY,-9,0.58,0.58
2026-01-04T17:02:39.313882Z,price_change,0.5900000000000001,SELL,31,0.58,0.58
2026-01-04T17:02:39.315036Z,price_change,0.54,BUY,28,0.58,0.58
2026-01-04T17:02:39.340187Z,price_change,0.51,BUY,-6,0.58,0.58
2026-01-04T17:02:39.342961Z,price_change,0.63,SELL,31,0.58,0.58
2026-01-04T17:02:39.490853Z,price_change,0.52,BUY,1,0.58,0.58
2026-01-04T17:02:40.175677Z,price_change,0.62,SELL,1,0.58,0.58
2026-01-04T17:02:40.194984Z,price_change,0.62,SELL,-1,0.58,0.58
2026-01-04T17:02:41.216776Z,price_change,0.52,BUY,-4,0.58,0.58
2026-01-04T17:02:41.386714Z,price_change,0.52,BUY,-113,0.58,0.58
2026-01-04T17:02:41.386714Z,price_change,0.51,BUY,125,0.58,0.58
2026-01-04T17:02:41.46018Z,price_change,0.51,BUY,15,0.58,0.58
2026-01-04T17:02:41.958722Z,price_change,0.5900000000000001,SELL,-40,0.58,0.58
2026-01-04T17:02:41.985872Z,price_change,0.64,SELL,22,0.58,0.58
2026-01-04T17:02:41.986738Z,price_change,0.51,BUY,-49,0.58,0.58
2026-01-04T17:02:42.021094Z,price_change,0.51,BUY,1,0.58,0.58
2026-01-04T17:02:42.321586Z,price_change,0.54,BUY,-28,0.58,0.58
2026-01-04T17:02:42.338858Z,price_change,0.51,BUY,-28,0.58,0.58
2026-01-04T17:02:46.346257Z,price_change,0.5900000000000001,SELL,-200,0.58,0.58
2026-01-04T17:02:46.364142Z,price_change,0.79,SELL,-638,0.58,0.58
2026-01-04T17:02:46.368Z,price_change,0.28,BUY,-462,0.58,0.58
2026-01-04T17:02:46.369368Z,price_change,0.77,SELL,656,0.58,0.58
2026-01-04T17:02:46.370893Z,price_change,0.31,BUY,534,0.58,0.58
2026-01-04T17:02:46.382638Z,price_change,0.6,SELL,200,0.58,0.58
2026-01-04T17:02:46.44525Z,price_change,0.62,SELL,-41,0.58,0.58
2026-01-04T17:02:46.44525Z,price_change,0.6,SELL,42,0.58,0.58
2026-01-04T17:02:46.456084Z,price_change,0.62,SELL,-1,0.58,0.58
2026-01-04T17:02:46.474422Z,price_change,0.78,SELL,-343,0.58,0.58
2026-01-04T17:02:46.477291Z,price_change,0.29,BUY,-534,0.58,0.58
2026-01-04T17:02:46.579902Z,price_change,0.62,SELL,-1,0.58,0.58
2026-01-04T17:02:46.579902Z,price_change,0.6,SELL,1,0.58,0.58
2026-01-04T17:02:47.35168Z,price_change,0.54,BUY,27,0.58,0.58
2026-01-04T17:02:47.367916Z,price_change,0.32,BUY,494,0.58,0.58
2026-01-04T17:02:47.371147Z,price_change,0.76,SELL,231,0.58,0.58
2026-01-04T17:02:47.371213Z,price_change,0.51,BUY,27,0.58,0.58
2026-01-04T17:02:47.372288Z,price_change,0.75,SELL,191,0.58,0.58
2026-01-04T17:02:47.388294Z,price_change,0.5900000000000001,SELL,-10,0.58,0.58
2026-01-04T17:02:47.490802Z,price_change,0.5900000000000001,SELL,10,0.58,0.58
2026-01-04T17:02:47.562509Z,price_change,0.63,SELL,-10,0.58,0.58
2026-01-04T17:02:47.678381Z,price_change,0.63,SELL,10,0.58,0.58
2026-01-04T17:02:47.838311Z,price_change,0.6,SELL,-200,0.58,0.58
2026-01-04T17:02:47.900334Z,price_change,0.6,SELL,-42,0.58,0.58
2026-01-04T17:02:47.900334Z,price_change,0.62,SELL,42,0.58,0.58
2026-01-04T17:02:47.990764Z,price_change,0.6,SELL,-1,0.58,0.58
2026-01-04T17:02:47.990764Z,price_change,0.62,SELL,1,0.58,0.58
2026-01-04T17:02:49.453155Z,price_change,0.61,SELL,-50,0.58,0.58
2026-01-04T17:02:49.453155Z,price_change,0.6,SELL,50,0.58,0.58
2026-01-04T17:02:54.182653Z,price_change,0.62,SELL,-16,0.58,0.58
2026-01-04T17:02:57.494979Z,price_change,0.5900000000000001,SELL,-60,0.58,0.58
2026-01-04T17:02:57.494979Z,price_change,0.5900000000000001,SELL,-22,0.58,0.58
2026-01-04T17:02:57.832628Z,price_change,0.5900000000000001,SELL,100,0.58,0.58
2026-01-04T17:03:00.000746Z,price_change,0.26,BUY,-552,0.58,0.58
2026-01-04T17:03:00.000746Z,price_change,0.79,SELL,-312,0.58,0.58
2026-01-04T17:03:00.000746Z,price_change,0.31,BUY,-1,0.58,0.58
2026-01-04T17:03:00.000746Z,price_change,0.28,BUY,-64,0.58,0.58
2026-01-04T17:03:00.000746Z,price_change,0.27,BUY,-192,0.58,0.58
2026-01-04T17:03:00.000746Z,price_change,0.76,SELL,-1,0.58,0.58
2026-01-04T17:03:00.000746Z,price_change,0.32,BUY,-1,0.58,0.58
2026-01-04T17:03:00.000746Z,price_change,0.74,SELL,-1,0.58,0.58
2026-01-04T17:03:00.000746Z,price_change,0.78,SELL,-64,0.58,0.58
2026-01-04T17:03:00.034284Z,price_change,0.51,BUY,-140,0.58,0.58
2026-01-04T17:03:00.034284Z,price_change,0.5,BUY,183,0.58,0.58
2026-01-04T17:03:03.418235Z,price_change,0.56,BUY,-100,0.58,0.58
2026-01-04T17:03:03.419643Z,price_change,0.5900000000000001,SELL,-100,0.58,0.58
2026-01-04T17:03:03.43592Z,price_change,0.5,BUY,-183,0.58,0.58
2026-01-04T17:03:03.43592Z,price_change,0.49,BUY,137,0.58,0.58
2026-01-04T17:03:03.436298Z,price_change,0.63,SELL,-50,0.58,0.58
2026-01-04T17:03:03.457076Z,price_change,0.51,BUY,-32,0.58,0.58
2026-01-04T17:03:03.457076Z,price_change,0.49,BUY,19,0.58,0.58
2026-01-04T17:03:03.461429Z,price_change,0.64,SELL,-70,0.58,0.58
2026-01-04T17:03:03.819886Z,price_change,0.58,BUY,100,0.58,0.58
2026-01-04T17:03:03.838724Z,price_change,0.49,BUY,-137,0.58,0.58
2026-01-04T17:03:03.838724Z,price_change,0.54,BUY,100,0.58,0.58
2026-01-04T17:03:03.848752Z,price_change,0.49,BUY,-19,0.58,0.58
2026-01-04T17:03:03.848752Z,price_change,0.53,BUY,70,0.58,0.58
2026-01-04T17:03:04.090337Z,price_change,0.63,SELL,100,0.58,0.58
2026-01-04T17:03:04.153558Z,price_change,0.62,SELL,282,0.58,0.58
2026-01-04T17:03:04.271788Z,price_change,0.6,SELL,31,0.58,0.58
2026-01-04T17:03:04.273256Z,price_change,0.55,BUY,27,0.58,0.58
2026-01-04T17:03:04.278395Z,price_change,0.5900000000000001,SELL,-31,0.58,0.58
2026-01-04T17:03:04.297481Z,price_change,0.64,SELL,100,0.58,0.58
2026-01-04T17:03:04.297833Z,price_change,0.63,SELL,-103,0.58,0.58
2026-01-04T17:03:04.297833Z,price_change,0.64,SELL,103,0.58,0.58
2026-01-04T17:03:04.29825Z,price_change,0.63,SELL,-100,0.58,0.58
2026-01-04T17:03:04.326319Z,price_change,0.5900000000000001,SELL,-78,0.58,0.58
2026-01-04T17:03:04.351113Z,price_change,0.6,SELL,78,0.58,0.58
2026-01-04T17:03:04.355882Z,price_change,0.64,SELL,-22,0.58,0.58
2026-01-04T17:03:04.460091Z,price_change,0.62,SELL,-26,0.58,0.58
2026-01-04T17:03:04.460091Z,price_change,0.61,SELL,26,0.58,0.58
2026-01-04T17:03:04.561156Z,price_change,0.54,BUY,-27,0.58,0.58
2026-01-04T17:03:04.589473Z,price_change,0.57,BUY,250,0.58,0.58
2026-01-04T17:03:04.691638Z,price_change,0.57,BUY,-250,0.58,0.58
2026-01-04T17:03:05.01508Z,price_change,0.57,BUY,250,0.58,0.58
2026-01-04T17:03:05.02351Z,price_change,0.62,SELL,-1,0.58,0.58
2026-01-04T17:03:05.02351Z,price_change,0.61,SELL,1,0.58,0.58
2026-01-04T17:03:05.253684Z,price_change,0.6,SELL,-31,0.58,0.58
2026-01-04T17:03:05.254746Z,price_change,0.57,BUY,-250,0.58,0.58
2026-01-04T17:03:05.275578Z,price_change,0.64,SELL,-103,0.58,0.58
2026-01-04T17:03:05.275578Z,price_change,0.73,SELL,361,0.58,0.58
2026-01-04T17:03:05.838191Z,price_change,0.57,BUY,250,0.58,0.58
2026-01-04T17:03:06.345152Z,price_change,0.57,BUY,-250,0.58,0.58
2026-01-04T17:03:06.362446Z,price_change,0.43,BUY,250,0.58,0.58
2026-01-04T17:03:06.495849Z,price_change,0.62,SELL,200,0.58,0.58
2026-01-04T17:03:06.514392Z,price_change,0.43,BUY,-250,0.58,0.58
2026-01-04T17:03:07.002728Z,price_change,0.62,SELL,-282,0.58,0.58
2026-01-04T17:03:07.040734Z,price_change,0.73,SELL,-171,0.58,0.58
2026-01-04T17:03:07.117667Z,price_change,0.55,BUY,-27,0.58,0.58
2026-01-04T17:03:08.154135Z,price_change,0.73,SELL,-10,0.58,0.58
2026-01-04T17:03:08.257574Z,price_change,0.5900000000000001,SELL,-10,0.58,0.58
2026-01-04T17:03:08.282082Z,price_change,0.64,SELL,-7,0.58,0.58
2026-01-04T17:03:09.31251Z,price_change,0.6,SELL,-1,0.58,0.58
2026-01-04T17:03:09.337951Z,price_change,0.61,SELL,-1,0.58,0.58
2026-01-04T17:03:09.337951Z,price_change,0.6,SELL,1,0.58,0.58
2026-01-04T17:03:10.387655Z,price_change,0.6,SELL,-49,0.58,0.58
2026-01-04T17:03:10.387655Z,price_change,0.61,SELL,49,0.58,0.58
2026-01-04T17:03:10.449747Z,price_change,0.6,SELL,-1,0.58,0.58
2026-01-04T17:03:10.449747Z,price_change,0.61,SELL,1,0.58,0.58
2026-01-04T17:03:10.773107Z,price_change,0.61,SELL,-26,0.58,0.58
2026-01-04T17:03:10.773107Z,price_change,0.6,SELL,26,0.58,0.58
2026-01-04T17:03:10.831792Z,price_change,0.61,SELL,-1,0.58,0.58
2026-01-04T17:03:10.831792Z,price_change,0.6,SELL,1,0.58,0.58
2026-01-04T17:03:12.455549Z,price_change,0.56,BUY,9,0.58,0.58
2026-01-04T17:03:12.45668Z,price_change,0.61,SELL,31,0.58,0.58
2026-01-04T17:03:12.475906Z,price_change,0.73,SELL,-180,0.58,0.58
2026-01-04T17:03:12.475906Z,price_change,0.64,SELL,100,0.58,0.58
2026-01-04T17:03:15.758492Z,price_change,0.59,BUY,100,0.59,0.58
2026-01-04T17:03:15.781625Z,price_change,0.75,SELL,-191,0.59,0.58
2026-01-04T17:03:15.784657Z,price_change,0.76,SELL,-231,0.59,0.58
2026-01-04T17:03:15.785782Z,price_change,0.77,SELL,-656,0.59,0.58
2026-01-04T17:03:15.786953Z,price_change,0.79,SELL,577,0.59,0.58
2026-01-04T17:03:15.911013Z,price_change,0.58,BUY,-100,0.59,0.58
2026-01-04T17:03:15.926909Z,price_change,0.78,SELL,473,0.59,0.58
2026-01-04T17:03:16.68171Z,price_change,0.59,BUY,-100,0.58,0.58
2026-01-04T17:03:16.683115Z,price_change,0.63,SELL,-100,0.58,0.58
2026-01-04T17:03:16.702083Z,price_change,0.54,BUY,-100,0.58,0.58
2026-01-04T17:03:16.702083Z,price_change,0.5,BUY,110,0.58,0.58
2026-01-04T17:03:16.73164Z,price_change,0.53,BUY,-70,0.58,0.58
2026-01-04T17:03:16.73164Z,price_change,0.51,BUY,7,0.58,0.58
2026-01-04T17:03:16.75717Z,price_change,0.5,BUY,70,0.58,0.58
2026-01-04T17:03:16.877817Z,price_change,0.5,BUY,-1,0.58,0.58
2026-01-04T17:03:20.315963Z,price_change,0.6,SELL,-26,0.58,0.58
2026-01-04T17:03:20.315963Z,price_change,0.61,SELL,26,0.58,0.58
2026-01-04T17:03:20.342762Z,price_change,0.51,BUY,-1,0.58,0.58
2026-01-04T17:03:20.368027Z,price_change,0.5,BUY,-69,0.58,0.58
2026-01-04T17:03:20.505673Z,price_change,0.56,BUY,5,0.58,0.58
2026-01-04T17:03:20.940027Z,price_change,0.6,SELL,-3,0.58,0.58
2026-01-04T17:03:21.270637Z,price_change,0.5,BUY,5,0.58,0.58
2026-01-04T17:03:21.444277Z,price_change,0.5,BUY,10,0.58,0.58
2026-01-04T17:03:22.105066Z,price_change,0.56,BUY,69000,0.58,0.58
2026-01-04T17:03:22.133582Z,price_change,0.5,BUY,-125,0.58,0.58
2026-01-04T17:03:22.331294Z,price_change,0.64,SELL,-100,0.58,0.58
2026-01-04T17:03:22.332846Z,price_change,0.63,SELL,100,0.58,0.58
2026-01-04T17:03:22.979366Z,price_change,0.6,SELL,-75,0.58,0.58
2026-01-04T17:03:22.980881Z,price_change,0.69,SELL,100,0.58,0.58
2026-01-04T17:03:22.981227Z,price_change,0.63,SELL,-100,0.58,0.58
2026-01-04T17:03:23.001738Z,price_change,0.65,SELL,75,0.58,0.58
2026-01-04T17:03:23.002571Z,price_change,0.56,BUY,250,0.58,0.58
2026-01-04T17:03:23.007418Z,price_change,0.51,BUY,-6,0.58,0.58
2026-01-04T17:03:23.163347Z,price_change,0.59,BUY,100,0.59,0.58
2026-01-04T17:03:23.164797Z,price_change,0.6599999999999999,SELL,100,0.59,0.58
2026-01-04T17:03:23.182327Z,price_change,0.32,BUY,-494,0.59,0.58
2026-01-04T17:03:23.184941Z,price_change,0.31,BUY,-534,0.59,0.58
2026-01-04T17:03:23.186173Z,price_change,0.57,BUY,649,0.59,0.58
2026-01-04T17:03:23.204943Z,price_change,0.61,SELL,-49,0.59,0.58
2026-01-04T17:03:23.204943Z,price_change,0.62,SELL,49,0.59,0.58
2026-01-04T17:03:23.230458Z,price_change,0.6,SELL,31,0.59,0.58
2026-01-04T17:03:23.256917Z,price_change,0.64,SELL,31,0.59,0.58
2026-01-04T17:03:23.281862Z,price_change,0.56,BUY,-250,0.59,0.58
2026-01-04T17:03:23.388782Z,price_change,0.56,BUY,-9,0.59,0.58
2026-01-04T17:03:23.389882Z,price_change,0.56,BUY,-5,0.59,0.58
2026-01-04T17:03:23.407754Z,price_change,0.6,SELL,-1,0.59,0.58
2026-01-04T17:03:23.407754Z,price_change,0.61,SELL,1,0.59,0.58
2026-01-04T17:03:23.41124Z,price_change,0.58,BUY,250,0.59,0.58
2026-01-04T17:03:23.438982Z,price_change,0.64,SELL,22,0.59,0.58
2026-01-04T17:03:23.65911Z,price_change,0.6,SELL,-31,0.59,0.58
2026-01-04T17:03:23.679288Z,price_change,0.61,SELL,-31,0.59,0.58
2026-01-04T17:03:23.683274Z,price_change,0.64,SELL,-31,0.59,0.58
2026-01-04T17:03:23.707324Z,price_change,0.64,SELL,-22,0.59,0.58
2026-01-04T17:03:23.726873Z,price_change,0.64,SELL,-100,0.59,0.58
2026-01-04T17:03:23.726873Z,price_change,0.6799999999999999,SELL,220,0.59,0.58
2026-01-04T17:03:25.112497Z,price_change,0.59,BUY,-100,0.58,0.58
2026-01-04T17:03:25.138024Z,price_change,0.58,BUY,-250,0.58,0.58
2026-01-04T17:03:25.15276Z,price_change,0.57,BUY,250,0.58,0.58
2026-01-04T17:03:25.219292Z,price_change,0.58,BUY,10,0.58,0.58
2026-01-04T17:03:25.269306Z,price_change,0.6,BUY,100,0.6,0.58
2026-01-04T17:03:25.286175Z,price_change,0.58,BUY,377,0.6,0.58
2026-01-04T17:03:25.328589Z,price_change,0.6799999999999999,SELL,100,0.6,0.58
2026-01-04T17:03:25.332565Z,price_change,0.65,SELL,-75,0.6,0.58
2026-01-04T17:03:25.333529Z,price_change,0.69,SELL,-100,0.6,0.58
2026-01-04T17:03:25.344436Z,price_change,0.62,SELL,-200,0.6,0.58
2026-01-04T17:03:25.34501Z,price_change,0.6799999999999999,SELL,-22,0.6,0.58
2026-01-04T17:03:25.353926Z,price_change,0.64,SELL,75,0.6,0.58
2026-01-04T17:03:25.371677Z,price_change,0.58,BUY,-10,0.6,0.58
2026-01-04T17:03:25.442426Z,price_change,0.6699999999999999,SELL,200,0.6,0.58
2026-01-04T17:03:25.578891Z,price_change,0.61,SELL,-1,0.6,0.58
2026-01-04T17:03:25.578891Z,price_change,0.65,SELL,1,0.6,0.58
2026-01-04T17:03:25.668701Z,price_change,0.61,SELL,-26,0.6,0.58
2026-01-04T17:03:25.668701Z,price_change,0.65,SELL,26,0.6,0.58
2026-01-04T17:03:26.246254Z,price_change,0.6,BUY,10,0.6,0.58
2026-01-04T17:03:26.69001Z,price_change,0.57,BUY,-250,0.6,0.58
2026-01-04T17:03:26.895483Z,price_change,0.6,BUY,-100,0.6,0.58
2026-01-04T17:03:27.000244Z,price_change,0.56,BUY,-69000,0.6,0.58
2026-01-04T17:03:27.051777Z,price_change,0.61,BUY,100,0.61,0.58
2026-01-04T17:03:27.084116Z,price_change,0.53,BUY,70,0.61,0.58
2026-01-04T17:03:27.093759Z,price_change,0.6699999999999999,SELL,-200,0.61,0.58
2026-01-04T17:03:27.113538Z,price_change,0.6799999999999999,SELL,-198,0.61,0.58
2026-01-04T17:03:27.113538Z,price_change,0.6699999999999999,SELL,180,0.61,0.58
2026-01-04T17:03:27.15296Z,price_change,0.6,BUY,-10,0.61,0.58
2026-01-04T17:03:27.22149Z,price_change,0.6699999999999999,SELL,200,0.61,0.58
2026-01-04T17:03:27.333904Z,price_change,0.64,SELL,25,0.61,0.58
2026-01-04T17:03:27.428859Z,price_change,0.65,SELL,-26,0.61,0.58
2026-01-04T17:03:27.428859Z,price_change,0.63,SELL,26,0.61,0.58
2026-01-04T17:03:27.609654Z,price_change,0.62,SELL,-39,0.61,0.58
2026-01-04T17:03:27.627143Z,price_change,0.62,SELL,-10,0.61,0.58
2026-01-04T17:03:27.627143Z,price_change,0.64,SELL,10,0.61,0.58
2026-01-04T17:03:27.639282Z,price_change,0.53,BUY,177,0.61,0.58
2026-01-04T17:03:27.647053Z,price_change,0.65,SELL,-1,0.61,0.58
2026-01-04T17:03:27.647053Z,price_change,0.63,SELL,1,0.61,0.58
2026-01-04T17:03:28.150725Z,price_change,0.6699999999999999,SELL,-180,0.61,0.58
2026-01-04T17:03:28.150725Z,price_change,0.73,SELL,405,0.61,0.58
2026-01-04T17:03:28.448744Z,price_change,0.73,SELL,43,0.61,0.58
2026-01-04T17:03:28.540724Z,price_change,0.59,BUY,18,0.61,0.58
2026-01-04T17:03:30.603834Z,price_change,0.59,BUY,250,0.61,0.58
2026-01-04T17:03:31.893568Z,price_change,0.64,SELL,32,0.61,0.58
2026-01-04T17:03:31.913616Z,price_change,0.73,SELL,32,0.61,0.58
2026-01-04T17:03:35.76566Z,price_change,0.61,BUY,-100,0.59,0.58
2026-01-04T17:03:35.766483Z,price_change,0.62,BUY,100,0.62,0.58
2026-01-04T17:03:35.783412Z,price_change,0.58,BUY,100,0.62,0.58
2026-01-04T17:03:35.787682Z,price_change,0.59,BUY,-250,0.62,0.58
2026-01-04T17:03:35.795554Z,price_change,0.53,BUY,-247,0.62,0.58
2026-01-04T17:03:35.795554Z,price_change,0.57,BUY,70,0.62,0.58
2026-01-04T17:03:35.799955Z,price_change,0.64,SELL,-8,0.62,0.58
2026-01-04T17:03:35.799955Z,price_change,0.6799999999999999,SELL,7,0.62,0.58
2026-01-04T17:03:35.802686Z,price_change,0.43,BUY,250,0.62,0.58
2026-01-04T17:03:35.831807Z,price_change,0.63,SELL,-26,0.62,0.58
2026-01-04T17:03:35.831807Z,price_change,0.64,SELL,26,0.62,0.58
2026-01-04T17:03:35.857642Z,price_change,0.59,BUY,100,0.62,0.58
2026-01-04T17:03:35.860011Z,price_change,0.59,BUY,-100,0.62,0.58
2026-01-04T17:03:36.028221Z,price_change,0.63,SELL,-1,0.62,0.58
2026-01-04T17:03:36.028221Z,price_change,0.64,SELL,1,0.62,0.58
2026-01-04T17:03:36.052952Z,price_change,0.43,BUY,-250,0.62,0.58
2026-01-04T17:03:36.382439Z,price_change,0.6,BUY,250,0.62,0.58
2026-01-04T17:03:36.600699Z,price_change,0.56,BUY,21,0.62,0.58
2026-01-04T17:03:37.107152Z,price_change,0.6,BUY,-250,0.62,0.58
2026-01-04T17:03:37.108376Z,price_change,0.58,BUY,-100,0.62,0.58
2026-01-04T17:03:37.122401Z,price_change,0.43,BUY,250,0.62,0.58
2026-01-04T17:03:37.281147Z,price_change,0.43,BUY,-250,0.62,0.58
2026-01-04T17:03:37.286332Z,price_change,0.58,BUY,100,0.62,0.58
2026-01-04T17:03:37.384381Z,price_change,0.56,BUY,-21,0.62,0.58
2026-01-04T17:03:38.017761Z,price_change,0.64,SELL,1000,0.62,0.58
2026-01-04T17:03:38.041089Z,price_change,0.73,SELL,-480,0.62,0.58
2026-01-04T17:03:38.340916Z,price_change,0.65,SELL,100,0.62,0.58
2026-01-04T17:03:38.343652Z,price_change,0.6799999999999999,SELL,-100,0.62,0.58
2026-01-04T17:03:39.39213Z,price_change,0.58,BUY,400,0.62,0.58
2026-01-04T17:03:39.82241Z,price_change,0.79,SELL,-95,0.62,0.58
2026-01-04T17:03:39.849385Z,price_change,0.83,SELL,117,0.62,0.58
2026-01-04T17:03:42.010556Z,price_change,0.58,BUY,-500,0.62,0.58
2026-01-04T17:03:42.033904Z,price_change,0.43,BUY,250,0.62,0.58
2026-01-04T17:03:42.190328Z,price_change,0.58,BUY,100,0.62,0.58
2026-01-04T17:03:42.287877Z,price_change,0.43,BUY,-250,0.62,0.58
2026-01-04T17:03:43.332814Z,price_change,0.63,SELL,-43,0.62,0.58
2026-01-04T17:03:43.332814Z,price_change,0.64,SELL,-75,0.62,0.58
2026-01-04T17:03:43.332814Z,price_change,0.64,SELL,-25,0.62,0.58
2026-01-04T17:03:43.332814Z,price_change,0.64,SELL,-10,0.62,0.58
2026-01-04T17:03:43.332814Z,price_change,0.64,SELL,-32,0.62,0.58
2026-01-04T17:03:43.332814Z,price_change,0.64,SELL,-26,0.62,0.58
2026-01-04T17:03:43.332814Z,price_change,0.64,SELL,-1,0.62,0.58
2026-01-04T17:03:43.332814Z,price_change,0.64,SELL,-703,0.62,0.58
2026-01-04T17:03:43.358082Z,price_change,0.64,SELL,-297,0.62,0.58
2026-01-04T17:03:43.358871Z,price_change,0.73,SELL,500,0.62,0.58
2026-01-04T17:03:43.365904Z,price_change,0.64,SELL,75,0.62,0.58
2026-01-04T17:03:43.367092Z,price_change,0.65,SELL,-100,0.62,0.58
2026-01-04T17:03:43.36884Z,price_change,0.6799999999999999,SELL,100,0.62,0.58
2026-01-04T17:03:43.674491Z,price_change,0.64,SELL,20,0.62,0.58
2026-01-04T17:03:43.714811Z,price_change,0.65,SELL,32,0.62,0.58
2026-01-04T17:03:43.728749Z,price_change,0.73,SELL,-20,0.62,0.58
2026-01-04T17:03:43.75203Z,price_change,0.65,SELL,1,0.62,0.58
2026-01-04T17:03:44.767012Z,price_change,0.59,BUY,12,0.62,0.58
2026-01-04T17:03:45.368333Z,price_change,0.64,SELL,-15,0.62,0.58
2026-01-04T17:03:45.392532Z,price_change,0.6599999999999999,SELL,1000,0.62,0.58
