timestamp,event_type,price,side,size,best_bid,best_ask
,book,0.5700,BUY,703,0.5700,0.59
,book,0.59,SELL,17,0.5700,0.59
2026-01-08T02:13:20.339821Z,price_change,0.57,BUY,-26,0.57,0.5900
2026-01-08T02:13:20.582611Z,price_change,0.6000,SELL,1,0.57,0.5900
2026-01-08T02:13:20.716807Z,price_change,0.5900,SELL,-5,0.57,0.5900
1767838400,last_trade_price,0.59,BUY,5,0.57,0.5900
2026-01-08T02:13:21.000054Z,price_change,0.6100,SELL,-69000,0.57,0.5900
2026-01-08T02:13:21.200592Z,price_change,0.6200,SELL,-233,0.57,0.5900
2026-01-08T02:13:21.431576Z,price_change,0.6000,SELL,-7500,0.57,0.5900
2026-01-08T02:13:21.462385Z,price_change,0.6300,SELL,7500,0.57,0.5900
2026-01-08T02:13:21.651396Z,price_change,0.56,BUY,-565,0.57,0.5900
2026-01-08T02:13:21.673151Z,price_change,0.53,BUY,500,0.57,0.5900
2026-01-08T02:13:21.826964Z,price_change,0.5900,SELL,-12,0.57,0.6000
1767838401,last_trade_price,0.59,BUY,12,0.57,0.6000
2026-01-08T02:13:21.912245Z,price_change,0.49,BUY,-2149,0.57,0.6000
2026-01-08T02:13:21.979934Z,price_change,0.58,BUY,1,0.58,0.6000
,book,0.5500,BUY,458,0.5500,0.56
,book,0.56,SELL,453,0.5500,0.56
2026-01-08T02:14:12.937751Z,price_change,0.53,BUY,-2500,0.55,0.5600
2026-01-08T02:14:12.963248Z,price_change,0.55,BUY,2500,0.55,0.5600
2026-01-08T02:14:13.069525Z,price_change,0.5600,SELL,10000,0.55,0.5600
2026-01-08T02:14:13.10548Z,price_change,0.55,BUY,-2500,0.55,0.5600
2026-01-08T02:14:13.224985Z,price_change,0.6000,SELL,19,0.55,0.5600
2026-01-08T02:14:13.341527Z,price_change,0.54,BUY,2500,0.55,0.5600
2026-01-08T02:14:13.832257Z,price_change,0.55,BUY,17797,0.55,0.5600
2026-01-08T02:14:13.860004Z,price_change,0.48,BUY,-21,0.55,0.5600
2026-01-08T02:14:14.009939Z,price_change,0.48,BUY,-2083,0.55,0.5600
2026-01-08T02:14:14.024461Z,price_change,0.6000,SELL,-19,0.55,0.5600
2026-01-08T02:14:14.0259Z,price_change,0.55,BUY,-458,0.55,0.5600
2026-01-08T02:14:14.117753Z,price_change,0.6000,SELL,-9691,0.55,0.5600
2026-01-08T02:14:14.188966Z,price_change,0.55,BUY,7,0.55,0.5600
2026-01-08T02:14:14.509122Z,price_change,0.5900,SELL,-8473,0.55,0.5600
2026-01-08T02:14:14.511617Z,price_change,0.5900,SELL,-10000,0.55,0.5600
2026-01-08T02:14:15.331656Z,price_change,0.5600,SELL,-10,0.55,0.5600
1767838455,last_trade_price,0.56,BUY,10,0.55,0.5600
2026-01-08T02:14:15.693596Z,price_change,0.55,BUY,-17797,0.55,0.5600
2026-01-08T02:14:17.157152Z,price_change,0.5600,SELL,-69,0.55,0.5600
1767838457,last_trade_price,0.56,BUY,69,0.55,0.5600
2026-01-08T02:14:17.592749Z,price_change,0.55,BUY,5000,0.55,0.5600
2026-01-08T02:14:19.009182Z,price_change,0.5600,SELL,-23,0.55,0.5600
2026-01-08T02:14:19.009182Z,price_change,0.5600,SELL,-20,0.55,0.5600
1767838459,last_trade_price,0.56,BUY,23,0.55,0.5600
1767838459,last_trade_price,0.56,BUY,20,0.55,0.5600
2026-01-08T02:14:19.074481Z,price_change,0.5,BUY,-125,0.55,0.5600
2026-01-08T02:14:19.115836Z,price_change,0.5600,SELL,300,0.55,0.5600
2026-01-08T02:14:19.117088Z,price_change,0.5,BUY,125,0.55,0.5600
2026-01-08T02:14:19.122055Z,price_change,0.5600,SELL,-86,0.55,0.5600
1767838459,last_trade_price,0.56,BUY,86,0.55,0.5600
2026-01-08T02:14:20.240255Z,price_change,0.5600,SELL,23,0.55,0.5600
2026-01-08T02:14:20.243779Z,price_change,0.52,BUY,82,0.55,0.5600
2026-01-08T02:14:20.261054Z,price_change,0.52,BUY,-150,0.55,0.5600
2026-01-08T02:14:20.535926Z,price_change,0.55,BUY,458,0.55,0.5600
2026-01-08T02:14:21.159037Z,price_change,0.5600,SELL,-44,0.55,0.5600
2026-01-08T02:14:21.159037Z,price_change,0.5600,SELL,-88,0.55,0.5600
1767838461,last_trade_price,0.56,BUY,44,0.55,0.5600
1767838461,last_trade_price,0.56,BUY,88,0.55,0.5600
2026-01-08T02:14:21.229536Z,price_change,0.5900,SELL,89,0.55,0.5600
2026-01-08T02:14:21.843102Z,price_change,0.5600,SELL,44,0.55,0.5600
2026-01-08T02:14:22.658747Z,price_change,0.5600,SELL,-41,0.55,0.5600
1767838462,last_trade_price,0.56,BUY,41,0.55,0.5600
2026-01-08T02:14:22.750835Z,price_change,0.55,BUY,-7,0.55,0.5600
2026-01-08T02:14:22.911283Z,price_change,0.46,BUY,691,0.55,0.5600
2026-01-08T02:14:22.912099Z,price_change,0.6400,SELL,691,0.55,0.5600
2026-01-08T02:14:23.775456Z,price_change,0.5,BUY,-2000,0.55,0.5600
2026-01-08T02:14:23.77636Z,price_change,0.6500,SELL,-2000,0.55,0.5600
2026-01-08T02:14:23.777055Z,price_change,0.52,BUY,-690,0.55,0.5600
2026-01-08T02:14:23.777691Z,price_change,0.6300,SELL,-690,0.55,0.5600
2026-01-08T02:14:23.824015Z,price_change,0.55,BUY,7,0.55,0.5600
2026-01-08T02:14:24.043851Z,price_change,0.5600,SELL,-300,0.55,0.5600
2026-01-08T02:14:24.044818Z,price_change,0.5,BUY,-125,0.55,0.5600
2026-01-08T02:14:24.090993Z,price_change,0.5600,SELL,-71,0.55,0.5600
2026-01-08T02:14:24.092184Z,price_change,0.5,BUY,-200,0.55,0.5600
2026-01-08T02:14:24.324063Z,price_change,0.55,BUY,-458,0.55,0.5600
2026-01-08T02:14:24.477865Z,price_change,0.5600,SELL,-10000,0.55,0.5600
2026-01-08T02:14:24.501946Z,price_change,0.8400,SELL,-353,0.55,0.5600
2026-01-08T02:14:24.505953Z,price_change,0.8200,SELL,381,0.55,0.5600
2026-01-08T02:14:24.533637Z,price_change,0.54,BUY,-2500,0.55,0.5600
2026-01-08T02:14:24.554829Z,price_change,0.55,BUY,2500,0.55,0.5600
2026-01-08T02:14:24.59405Z,price_change,0.5600,SELL,-1,0.55,0.5600
2026-01-08T02:14:24.59405Z,price_change,0.5700,SELL,1,0.55,0.5600
2026-01-08T02:14:25.000072Z,price_change,0.46,BUY,-691,0.55,0.5600
2026-01-08T02:14:25.000072Z,price_change,0.6400,SELL,-691,0.55,0.5600
2026-01-08T02:14:25.837415Z,price_change,0.48,BUY,2000,0.55,0.5600
2026-01-08T02:14:25.838851Z,price_change,0.6300,SELL,2000,0.55,0.5600
2026-01-08T02:14:27.303891Z,price_change,0.5,BUY,690,0.55,0.5600
2026-01-08T02:14:27.305393Z,price_change,0.6100,SELL,690,0.55,0.5600
2026-01-08T02:14:27.382231Z,price_change,0.5,BUY,200,0.55,0.5600
2026-01-08T02:14:27.421489Z,price_change,0.5600,SELL,200,0.55,0.5600
2026-01-08T02:14:27.643843Z,price_change,0.5600,SELL,300,0.55,0.5600
2026-01-08T02:14:27.649412Z,price_change,0.5,BUY,125,0.55,0.5600
2026-01-08T02:14:27.706469Z,price_change,0.55,BUY,-7,0.55,0.5600
2026-01-08T02:14:28.541671Z,price_change,0.55,BUY,458,0.55,0.5600
2026-01-08T02:14:28.569981Z,price_change,0.55,BUY,-2500,0.55,0.5600
2026-01-08T02:14:28.604Z,price_change,0.54,BUY,2500,0.55,0.5600
2026-01-08T02:14:28.917409Z,price_change,0.55,BUY,-5000,0.55,0.5600
2026-01-08T02:14:29.224503Z,price_change,0.48,BUY,-2000,0.55,0.5600
2026-01-08T02:14:29.225627Z,price_change,0.6300,SELL,-2000,0.55,0.5600
2026-01-08T02:14:29.226492Z,price_change,0.5,BUY,-690,0.55,0.5600
2026-01-08T02:14:29.227391Z,price_change,0.6100,SELL,-690,0.55,0.5600
2026-01-08T02:14:29.381226Z,price_change,0.6000,SELL,85,0.55,0.5600
2026-01-08T02:14:29.439641Z,price_change,0.5700,SELL,-1,0.55,0.5600
2026-01-08T02:14:29.439641Z,price_change,0.5600,SELL,1,0.55,0.5600
2026-01-08T02:14:29.548361Z,price_change,0.5900,SELL,-89,0.55,0.5600
2026-01-08T02:14:29.670785Z,price_change,0.6100,SELL,69000,0.55,0.5600
2026-01-08T02:14:29.969668Z,price_change,0.5600,SELL,-200,0.55,0.5600
2026-01-08T02:14:29.970029Z,price_change,0.5,BUY,-200,0.55,0.5600
2026-01-08T02:14:30.006152Z,price_change,0.51,BUY,-448,0.55,0.5600
2026-01-08T02:14:30.008932Z,price_change,0.32,BUY,377,0.55,0.5600
2026-01-08T02:14:30.025716Z,price_change,0.55,BUY,-458,0.54,0.5600
2026-01-08T02:14:30.025716Z,price_change,0.5500,SELL,9542,0.54,0.5500
1767838470,last_trade_price,0.45,SELL,458,0.54,0.5500
2026-01-08T02:14:30.110056Z,price_change,0.5600,SELL,-300,0.54,0.5500
2026-01-08T02:14:30.110985Z,price_change,0.5,BUY,-125,0.54,0.5500
2026-01-08T02:14:30.21276Z,price_change,0.54,BUY,-827,0.54,0.5500
2026-01-08T02:14:30.213941Z,price_change,0.5700,SELL,-673,0.54,0.5500
2026-01-08T02:14:30.229363Z,price_change,0.53,BUY,827,0.54,0.5500
2026-01-08T02:14:30.231294Z,price_change,0.5600,SELL,673,0.54,0.5500
2026-01-08T02:14:30.239943Z,price_change,0.54,BUY,-2500,0.53,0.5500
2026-01-08T02:14:30.314928Z,price_change,0.43,BUY,2500,0.53,0.5500
2026-01-08T02:14:30.396868Z,price_change,0.5700,SELL,-1,0.53,0.5500
2026-01-08T02:14:30.396868Z,price_change,0.5600,SELL,1,0.53,0.5500
2026-01-08T02:14:30.445086Z,price_change,0.43,BUY,-2500,0.53,0.5500
2026-01-08T02:14:30.500146Z,price_change,0.53,BUY,50,0.53,0.5500
2026-01-08T02:14:30.547139Z,price_change,0.5700,SELL,-7500,0.53,0.5500
2026-01-08T02:14:30.553355Z,price_change,0.5600,SELL,-1,0.53,0.5500
2026-01-08T02:14:30.553355Z,price_change,0.5500,SELL,1,0.53,0.5500
2026-01-08T02:14:30.58339Z,price_change,0.9900,SELL,50,0.53,0.5500
2026-01-08T02:14:30.831185Z,price_change,0.5500,SELL,7500,0.53,0.5500
2026-01-08T02:14:30.853412Z,price_change,0.51,BUY,2500,0.53,0.5500
2026-01-08T02:14:30.94016Z,price_change,0.51,BUY,-2500,0.53,0.5500
2026-01-08T02:14:31.114557Z,price_change,0.44,BUY,20,0.53,0.5500
2026-01-08T02:14:31.15128Z,price_change,0.44,BUY,1980,0.53,0.5500
2026-01-08T02:14:31.296491Z,price_change,0.51,BUY,2500,0.53,0.5500
2026-01-08T02:14:31.334159Z,price_change,0.5500,SELL,-9542,0.53,0.5500
2026-01-08T02:14:31.344716Z,price_change,0.54,BUY,7,0.54,0.5500
2026-01-08T02:14:31.413331Z,price_change,0.51,BUY,-2500,0.54,0.5500
2026-01-08T02:14:31.460613Z,price_change,0.5500,SELL,-7500,0.54,0.5500
2026-01-08T02:14:31.594833Z,price_change,0.53,BUY,-50,0.54,0.5500
2026-01-08T02:14:31.875831Z,price_change,0.51,BUY,2500,0.54,0.5500
2026-01-08T02:14:31.908968Z,price_change,0.5600,SELL,7500,0.54,0.5500
2026-01-08T02:14:32.000102Z,price_change,0.6100,SELL,-69000,0.54,0.5500
2026-01-08T02:14:32.039966Z,price_change,0.51,BUY,-2500,0.54,0.5500
2026-01-08T02:14:32.887772Z,price_change,0.5500,SELL,10000,0.54,0.5500
2026-01-08T02:14:32.93001Z,price_change,0.5600,SELL,-7500,0.54,0.5500
2026-01-08T02:14:32.934016Z,price_change,0.51,BUY,2500,0.54,0.5500
2026-01-08T02:14:32.970592Z,price_change,0.5500,SELL,7500,0.54,0.5500
2026-01-08T02:14:33.204393Z,price_change,0.44,BUY,-1980,0.54,0.5500
2026-01-08T02:14:33.237739Z,price_change,0.51,BUY,-2500,0.54,0.5500
2026-01-08T02:14:33.257267Z,price_change,0.44,BUY,2500,0.54,0.5500
2026-01-08T02:14:33.278658Z,price_change,0.41,BUY,1834,0.54,0.5500
2026-01-08T02:14:33.615854Z,price_change,0.44,BUY,-2500,0.54,0.5500
2026-01-08T02:14:33.706221Z,price_change,0.51,BUY,2500,0.54,0.5500
2026-01-08T02:14:34.131585Z,price_change,0.5800,SELL,-401,0.54,0.5500
2026-01-08T02:14:34.134342Z,price_change,0.8100,SELL,382,0.54,0.5500
2026-01-08T02:14:34.166942Z,price_change,0.5500,SELL,-1,0.54,0.5500
2026-01-08T02:14:34.166942Z,price_change,0.5500,SELL,-4,0.54,0.5500
1767838474,last_trade_price,0.55,BUY,1,0.54,0.5500
1767838474,last_trade_price,0.55,BUY,4,0.54,0.5500
2026-01-08T02:14:34.20943Z,price_change,0.51,BUY,-2500,0.54,0.5500
2026-01-08T02:14:34.232369Z,price_change,0.44,BUY,2500,0.54,0.5500
2026-01-08T02:14:34.430106Z,price_change,0.44,BUY,-2500,0.54,0.5500
2026-01-08T02:14:34.64567Z,price_change,0.5500,SELL,-7,0.54,0.5500
1767838474,last_trade_price,0.55,BUY,7,0.54,0.5500
2026-01-08T02:14:34.727647Z,price_change,0.52,BUY,-82,0.54,0.5500
2026-01-08T02:14:34.763887Z,price_change,0.5,BUY,150,0.54,0.5500
2026-01-08T02:14:34.775702Z,price_change,0.53,BUY,-827,0.54,0.5500
2026-01-08T02:14:34.776862Z,price_change,0.5600,SELL,-673,0.54,0.5500
2026-01-08T02:14:34.780516Z,price_change,0.5500,SELL,150,0.54,0.5500
2026-01-08T02:14:34.787403Z,price_change,0.52,BUY,724,0.54,0.5500
2026-01-08T02:14:34.789971Z,price_change,0.5500,SELL,776,0.54,0.5500
2026-01-08T02:14:34.795648Z,price_change,0.5600,SELL,-44,0.54,0.5500
2026-01-08T02:14:34.797108Z,price_change,0.5600,SELL,-23,0.54,0.5500
2026-01-08T02:14:34.806816Z,price_change,0.5500,SELL,-150,0.54,0.5500
2026-01-08T02:14:34.820529Z,price_change,0.52,BUY,-724,0.54,0.5500
2026-01-08T02:14:34.821661Z,price_change,0.5500,SELL,-776,0.54,0.5500
2026-01-08T02:14:34.832636Z,price_change,0.53,BUY,724,0.54,0.5500
2026-01-08T02:14:34.835524Z,price_change,0.5600,SELL,776,0.54,0.5500
2026-01-08T02:14:34.848823Z,price_change,0.5600,SELL,45,0.54,0.5500
2026-01-08T02:14:34.852362Z,price_change,0.52,BUY,54,0.54,0.5500
2026-01-08T02:14:34.869119Z,price_change,0.5,BUY,-150,0.54,0.5500
2026-01-08T02:14:34.874435Z,price_change,0.5600,SELL,-1,0.54,0.5500
2026-01-08T02:14:34.874435Z,price_change,0.6500,SELL,1,0.54,0.5500
2026-01-08T02:14:35.104922Z,price_change,0.54,BUY,-7,0.53,0.5500
2026-01-08T02:14:35.117237Z,price_change,0.53,BUY,-724,0.52,0.5500
2026-01-08T02:14:35.120003Z,price_change,0.5600,SELL,-776,0.52,0.5500
2026-01-08T02:14:35.127913Z,price_change,0.52,BUY,724,0.52,0.5500
2026-01-08T02:14:35.132081Z,price_change,0.5500,SELL,776,0.52,0.5500
2026-01-08T02:14:35.256316Z,price_change,0.5500,SELL,1,0.52,0.5500
2026-01-08T02:14:35.265184Z,price_change,0.5500,SELL,-7500,0.52,0.5500
2026-01-08T02:14:35.286509Z,price_change,0.6300,SELL,7500,0.52,0.5500
2026-01-08T02:14:35.314931Z,price_change,0.6500,SELL,-1,0.52,0.5500
2026-01-08T02:14:35.314931Z,price_change,0.5500,SELL,1,0.52,0.5500
2026-01-08T02:14:35.868589Z,price_change,0.5500,SELL,-4406,0.52,0.5500
1767838475,last_trade_price,0.55,BUY,4406,0.52,0.5500
2026-01-08T02:14:35.933708Z,price_change,0.5500,SELL,-1,0.52,0.5500
2026-01-08T02:14:35.933708Z,price_change,0.5400,SELL,1,0.52,0.5400
2026-01-08T02:14:36.087597Z,price_change,0.46,BUY,690,0.52,0.5400
2026-01-08T02:14:36.089461Z,price_change,0.5700,SELL,690,0.52,0.5400
2026-01-08T02:14:36.258718Z,price_change,0.6200,SELL,691,0.52,0.5400
2026-01-08T02:14:36.260499Z,price_change,0.44,BUY,691,0.52,0.5400
2026-01-08T02:14:36.288018Z,price_change,0.6300,SELL,-7500,0.52,0.5400
2026-01-08T02:14:36.307005Z,price_change,0.5500,SELL,7500,0.52,0.5400
2026-01-08T02:14:36.538733Z,price_change,0.5400,SELL,-1,0.52,0.5500
2026-01-08T02:14:36.538733Z,price_change,0.5500,SELL,-34,0.52,0.5500
1767838476,last_trade_price,0.54,BUY,1,0.52,0.5500
1767838476,last_trade_price,0.55,BUY,34,0.52,0.5500
2026-01-08T02:14:36.551445Z,price_change,0.48,BUY,459,0.52,0.5500
2026-01-08T02:14:36.615064Z,price_change,0.5500,SELL,-15,0.52,0.5500
1767838476,last_trade_price,0.55,BUY,15,0.52,0.5500
2026-01-08T02:14:36.794356Z,price_change,0.5500,SELL,20,0.52,0.5500
2026-01-08T02:14:36.950093Z,price_change,0.5500,SELL,-8,0.52,0.5500
1767838476,last_trade_price,0.55,BUY,8,0.52,0.5500
2026-01-08T02:14:37.226231Z,price_change,0.5500,SELL,-20,0.52,0.5500
2026-01-08T02:14:37.316077Z,price_change,0.5500,SELL,50,0.52,0.5500
2026-01-08T02:14:37.396761Z,price_change,0.5400,SELL,459,0.52,0.5400
2026-01-08T02:14:37.410045Z,price_change,0.52,BUY,-724,0.52,0.5400
2026-01-08T02:14:37.413186Z,price_change,0.5500,SELL,-776,0.52,0.5400
2026-01-08T02:14:37.427479Z,price_change,0.51,BUY,724,0.52,0.5400
2026-01-08T02:14:37.430396Z,price_change,0.5400,SELL,776,0.52,0.5400
2026-01-08T02:14:37.534519Z,price_change,0.5500,SELL,-7500,0.52,0.5400
2026-01-08T02:14:37.534553Z,price_change,0.46,BUY,200,0.52,0.5400
2026-01-08T02:14:37.55957Z,price_change,0.5400,SELL,200,0.52,0.5400
2026-01-08T02:14:37.561824Z,price_change,0.5400,SELL,7500,0.52,0.5400
2026-01-08T02:14:37.654601Z,price_change,0.5500,SELL,-50,0.52,0.5400
2026-01-08T02:14:37.69956Z,price_change,0.5400,SELL,44,0.52,0.5400
2026-01-08T02:14:37.706678Z,price_change,0.5300,SELL,300,0.52,0.5300
2026-01-08T02:14:37.749062Z,price_change,0.45,BUY,125,0.52,0.5300
2026-01-08T02:14:37.833337Z,price_change,0.5400,SELL,-7500,0.52,0.5300
2026-01-08T02:14:37.840761Z,price_change,0.5500,SELL,-1,0.52,0.5300
2026-01-08T02:14:37.840761Z,price_change,0.5400,SELL,1,0.52,0.5300
2026-01-08T02:14:37.886363Z,price_change,0.5400,SELL,-200,0.52,0.5300
2026-01-08T02:14:37.922283Z,price_change,0.5300,SELL,200,0.52,0.5300
2026-01-08T02:14:37.967268Z,price_change,0.5300,SELL,7500,0.52,0.5300
2026-01-08T02:14:37.974866Z,price_change,0.5400,SELL,-44,0.52,0.5300
2026-01-08T02:14:37.989299Z,price_change,0.52,BUY,7,0.52,0.5300
2026-01-08T02:14:37.994162Z,price_change,0.6000,SELL,-85,0.52,0.5300
2026-01-08T02:14:38.265212Z,price_change,0.5300,SELL,-300,0.52,0.5300
2026-01-08T02:14:38.265212Z,price_change,0.5300,SELL,-200,0.52,0.5300
2026-01-08T02:14:38.265212Z,price_change,0.5300,SELL,-377,0.52,0.5300
1767838478,last_trade_price,0.53,BUY,300,0.52,0.5300
1767838478,last_trade_price,0.53,BUY,200,0.52,0.5300
1767838478,last_trade_price,0.53,BUY,377,0.52,0.5300
2026-01-08T02:14:38.310579Z,price_change,0.5300,SELL,-7123,0.52,0.5400
2026-01-08T02:14:38.328506Z,price_change,0.5400,SELL,7500,0.52,0.5400
2026-01-08T02:14:38.359181Z,price_change,0.45,BUY,-125,0.52,0.5400
2026-01-08T02:14:38.419754Z,price_change,0.45,BUY,125,0.52,0.5400
2026-01-08T02:14:38.421184Z,price_change,0.5300,SELL,300,0.52,0.5300
2026-01-08T02:14:38.43364Z,price_change,0.51,BUY,-724,0.52,0.5300
2026-01-08T02:14:38.436588Z,price_change,0.5400,SELL,-776,0.52,0.5300
2026-01-08T02:14:38.447979Z,price_change,0.5,BUY,724,0.52,0.5300
2026-01-08T02:14:38.450687Z,price_change,0.5300,SELL,776,0.52,0.5300
2026-01-08T02:14:38.514698Z,price_change,0.5400,SELL,-7500,0.52,0.5300
2026-01-08T02:14:38.658582Z,price_change,0.5300,SELL,7500,0.52,0.5300
2026-01-08T02:14:39.000509Z,price_change,0.6200,SELL,-691,0.52,0.5300
2026-01-08T02:14:39.000509Z,price_change,0.44,BUY,-691,0.52,0.5300
2026-01-08T02:14:41.020429Z,price_change,0.5500,SELL,-5526,0.52,0.5300
2026-01-08T02:14:41.101197Z,price_change,0.5300,SELL,-100,0.52,0.5300
1767838481,last_trade_price,0.53,BUY,100,0.52,0.5300
2026-01-08T02:14:41.213409Z,price_change,0.41,BUY,-1834,0.52,0.5300
2026-01-08T02:14:41.278276Z,price_change,0.44,BUY,-20,0.52,0.5300
2026-01-08T02:14:41.611978Z,price_change,0.51,BUY,5000,0.52,0.5300
2026-01-08T02:14:41.814567Z,price_change,0.5400,SELL,-459,0.52,0.5300
2026-01-08T02:14:41.852979Z,price_change,0.5300,SELL,-7500,0.52,0.5300
2026-01-08T02:14:41.879811Z,price_change,0.5400,SELL,7500,0.52,0.5300
2026-01-08T02:14:41.882573Z,price_change,0.5400,SELL,-1,0.52,0.5300
2026-01-08T02:14:41.882573Z,price_change,0.5600,SELL,1,0.52,0.5300
2026-01-08T02:14:41.94224Z,price_change,0.5600,SELL,-1,0.52,0.5300
2026-01-08T02:14:41.94224Z,price_change,0.5400,SELL,1,0.52,0.5300
2026-01-08T02:14:41.960464Z,price_change,0.8300,SELL,-183,0.52,0.5300
2026-01-08T02:14:41.963149Z,price_change,0.8000,SELL,184,0.52,0.5300
2026-01-08T02:14:44.601721Z,price_change,0.5300,SELL,-143,0.52,0.5300
1767838484,last_trade_price,0.53,BUY,143,0.52,0.5300
2026-01-08T02:14:44.922787Z,price_change,0.51,BUY,2500,0.52,0.5300
2026-01-08T02:14:45.127412Z,price_change,0.51,BUY,-2500,0.52,0.5300
2026-01-08T02:14:45.144528Z,price_change,0.5400,SELL,-7500,0.52,0.5300
2026-01-08T02:14:45.188906Z,price_change,0.5600,SELL,325,0.52,0.5300
2026-01-08T02:14:45.213402Z,price_change,0.5400,SELL,-1,0.52,0.5300
2026-01-08T02:14:45.213402Z,price_change,0.5600,SELL,1,0.52,0.5300
2026-01-08T02:14:45.226524Z,price_change,0.5300,SELL,-776,0.52,0.5300
2026-01-08T02:14:45.240941Z,price_change,0.5300,SELL,871,0.52,0.5300
2026-01-08T02:14:45.416399Z,price_change,0.5300,SELL,459,0.52,0.5300
2026-01-08T02:14:45.450206Z,price_change,0.5600,SELL,-325,0.52,0.5300
2026-01-08T02:14:45.789857Z,price_change,0.46,BUY,-200,0.52,0.5300
2026-01-08T02:14:45.81867Z,price_change,0.45,BUY,200,0.52,0.5300
2026-01-08T02:14:45.839739Z,price_change,0.5300,SELL,-57,0.52,0.5300
2026-01-08T02:14:45.839739Z,price_change,0.5300,SELL,-343,0.52,0.5300
1767838485,last_trade_price,0.53,BUY,57,0.52,0.5300
1767838485,last_trade_price,0.53,BUY,343,0.52,0.5300
2026-01-08T02:14:45.850661Z,price_change,0.51,BUY,-5000,0.52,0.5300
2026-01-08T02:14:45.854752Z,price_change,0.5300,SELL,-528,0.52,0.5300
2026-01-08T02:14:45.858715Z,price_change,0.5,BUY,-724,0.52,0.5300
2026-01-08T02:14:45.872673Z,price_change,0.5400,SELL,700,0.52,0.5300
2026-01-08T02:14:45.873718Z,price_change,0.51,BUY,800,0.52,0.5300
2026-01-08T02:14:45.880658Z,price_change,0.5600,SELL,325,0.52,0.5300
2026-01-08T02:14:45.891197Z,price_change,0.5600,SELL,-325,0.52,0.5300
2026-01-08T02:14:45.908648Z,price_change,0.45,BUY,-125,0.52,0.5300
2026-01-08T02:14:45.943322Z,price_change,0.5600,SELL,-1,0.52,0.5300
2026-01-08T02:14:45.943322Z,price_change,0.5400,SELL,1,0.52,0.5300
2026-01-08T02:14:45.944802Z,price_change,0.51,BUY,-800,0.52,0.5300
2026-01-08T02:14:45.945997Z,price_change,0.5400,SELL,-700,0.52,0.5300
2026-01-08T02:14:45.958781Z,price_change,0.5300,SELL,300,0.52,0.5300
2026-01-08T02:14:45.95982Z,price_change,0.45,BUY,125,0.52,0.5300
2026-01-08T02:14:45.963145Z,price_change,0.5,BUY,800,0.52,0.5300
2026-01-08T02:14:45.964402Z,price_change,0.5300,SELL,700,0.52,0.5300
2026-01-08T02:14:46.005461Z,price_change,0.5,BUY,-800,0.52,0.5300
2026-01-08T02:14:46.006579Z,price_change,0.5300,SELL,-700,0.52,0.5300
2026-01-08T02:14:46.015079Z,price_change,0.5400,SELL,-1,0.52,0.5300
2026-01-08T02:14:46.015079Z,price_change,0.5600,SELL,1,0.52,0.5300
2026-01-08T02:14:46.015808Z,price_change,0.5600,SELL,325,0.52,0.5300
2026-01-08T02:14:46.022509Z,price_change,0.51,BUY,800,0.52,0.5300
2026-01-08T02:14:46.023612Z,price_change,0.5400,SELL,700,0.52,0.5300
2026-01-08T02:14:46.040489Z,price_change,0.5600,SELL,-125,0.52,0.5300
2026-01-08T02:14:46.052803Z,price_change,0.5600,SELL,-200,0.52,0.5300
2026-01-08T02:14:46.076076Z,price_change,0.5600,SELL,-1,0.52,0.5300
2026-01-08T02:14:46.076076Z,price_change,0.5500,SELL,1,0.52,0.5300
2026-01-08T02:14:46.175031Z,price_change,0.51,BUY,-800,0.52,0.5300
2026-01-08T02:14:46.176102Z,price_change,0.5400,SELL,-700,0.52,0.5300
2026-01-08T02:14:46.181316Z,price_change,0.5,BUY,800,0.52,0.5300
2026-01-08T02:14:46.190541Z,price_change,0.5300,SELL,700,0.52,0.5300
2026-01-08T02:14:46.195742Z,price_change,0.5600,SELL,325,0.52,0.5300
2026-01-08T02:14:46.207033Z,price_change,0.5600,SELL,-325,0.52,0.5300
2026-01-08T02:14:46.228013Z,price_change,0.5,BUY,-800,0.52,0.5300
2026-01-08T02:14:46.229265Z,price_change,0.5300,SELL,-700,0.52,0.5300
2026-01-08T02:14:46.237117Z,price_change,0.51,BUY,800,0.52,0.5300
2026-01-08T02:14:46.239111Z,price_change,0.5500,SELL,-1,0.52,0.5300
2026-01-08T02:14:46.239111Z,price_change,0.5600,SELL,1,0.52,0.5300
2026-01-08T02:14:46.240957Z,price_change,0.5400,SELL,700,0.52,0.5300
2026-01-08T02:14:46.251984Z,price_change,0.5600,SELL,200,0.52,0.5300
2026-01-08T02:14:46.264352Z,price_change,0.5600,SELL,-200,0.52,0.5300
2026-01-08T02:14:46.305604Z,price_change,0.5600,SELL,-1,0.52,0.5300
2026-01-08T02:14:46.305604Z,price_change,0.5400,SELL,1,0.52,0.5300
2026-01-08T02:14:46.426783Z,price_change,0.51,BUY,-800,0.52,0.5300
2026-01-08T02:14:46.428044Z,price_change,0.5400,SELL,-700,0.52,0.5300
2026-01-08T02:14:46.43762Z,price_change,0.5,BUY,800,0.52,0.5300
2026-01-08T02:14:46.444172Z,price_change,0.5300,SELL,700,0.52,0.5300
2026-01-08T02:14:46.445431Z,price_change,0.5,BUY,-800,0.52,0.5300
2026-01-08T02:14:46.447414Z,price_change,0.5300,SELL,-700,0.52,0.5300
2026-01-08T02:14:46.451356Z,price_change,0.5600,SELL,200,0.52,0.5300
2026-01-08T02:14:46.459953Z,price_change,0.5,BUY,800,0.52,0.5300
2026-01-08T02:14:46.462565Z,price_change,0.5300,SELL,700,0.52,0.5300
2026-01-08T02:14:46.466808Z,price_change,0.5600,SELL,-200,0.52,0.5300
2026-01-08T02:14:46.482272Z,price_change,0.5600,SELL,325,0.52,0.5300
2026-01-08T02:14:46.49226Z,price_change,0.5400,SELL,-1,0.52,0.5300
2026-01-08T02:14:46.49226Z,price_change,0.5600,SELL,1,0.52,0.5300
2026-01-08T02:14:46.494434Z,price_change,0.5600,SELL,-325,0.52,0.5300
2026-01-08T02:14:46.495234Z,price_change,0.5,BUY,-800,0.52,0.5300
2026-01-08T02:14:46.496386Z,price_change,0.5300,SELL,-700,0.52,0.5300
2026-01-08T02:14:46.511648Z,price_change,0.51,BUY,800,0.52,0.5300
2026-01-08T02:14:46.512993Z,price_change,0.5400,SELL,700,0.52,0.5300
2026-01-08T02:14:46.518811Z,price_change,0.5600,SELL,200,0.52,0.5300
2026-01-08T02:14:46.536363Z,price_change,0.5600,SELL,-200,0.52,0.5300
2026-01-08T02:14:46.544427Z,price_change,0.5600,SELL,-1,0.52,0.5300
2026-01-08T02:14:46.544427Z,price_change,0.5500,SELL,1,0.52,0.5300
2026-01-08T02:14:46.578118Z,price_change,0.51,BUY,-800,0.52,0.5300
2026-01-08T02:14:46.579157Z,price_change,0.5400,SELL,-700,0.52,0.5300
2026-01-08T02:14:46.590741Z,price_change,0.51,BUY,800,0.52,0.5300
2026-01-08T02:14:46.592143Z,price_change,0.51,BUY,-800,0.52,0.5300
2026-01-08T02:14:46.595663Z,price_change,0.5300,SELL,700,0.52,0.5300
2026-01-08T02:14:46.600314Z,price_change,0.5300,SELL,-700,0.52,0.5300
2026-01-08T02:14:46.602555Z,price_change,0.5600,SELL,200,0.52,0.5300
2026-01-08T02:14:46.606493Z,price_change,0.5,BUY,800,0.52,0.5300
2026-01-08T02:14:46.611242Z,price_change,0.5300,SELL,700,0.52,0.5300
2026-01-08T02:14:46.616627Z,price_change,0.5600,SELL,-200,0.52,0.5300
2026-01-08T02:14:46.648464Z,price_change,0.5500,SELL,-1,0.52,0.5300
2026-01-08T02:14:46.648464Z,price_change,0.5600,SELL,1,0.52,0.5300
2026-01-08T02:14:46.667773Z,price_change,0.5,BUY,-800,0.52,0.5300
2026-01-08T02:14:46.669202Z,price_change,0.5300,SELL,-700,0.52,0.5300
2026-01-08T02:14:46.682565Z,price_change,0.51,BUY,800,0.52,0.5300
2026-01-08T02:14:46.683556Z,price_change,0.5400,SELL,700,0.52,0.5300
2026-01-08T02:14:46.686532Z,price_change,0.5600,SELL,200,0.52,0.5300
2026-01-08T02:14:46.72706Z,price_change,0.5600,SELL,-200,0.52,0.5300
2026-01-08T02:14:46.735038Z,price_change,0.51,BUY,-800,0.52,0.5300
2026-01-08T02:14:46.736328Z,price_change,0.5400,SELL,-700,0.52,0.5300
2026-01-08T02:14:46.746584Z,price_change,0.51,BUY,800,0.52,0.5300
2026-01-08T02:14:46.747788Z,price_change,0.5400,SELL,700,0.52,0.5300
2026-01-08T02:14:46.749388Z,price_change,0.51,BUY,-800,0.52,0.5300
2026-01-08T02:14:46.750432Z,price_change,0.5400,SELL,-700,0.52,0.5300
2026-01-08T02:14:46.751694Z,price_change,0.5600,SELL,325,0.52,0.5300
2026-01-08T02:14:46.757579Z,price_change,0.5600,SELL,-1,0.52,0.5300
2026-01-08T02:14:46.757579Z,price_change,0.5400,SELL,1,0.52,0.5300
2026-01-08T02:14:46.766814Z,price_change,0.5600,SELL,-325,0.52,0.5300
2026-01-08T02:14:46.770062Z,price_change,0.5,BUY,800,0.52,0.5300
2026-01-08T02:14:46.771244Z,price_change,0.5300,SELL,700,0.52,0.5300
2026-01-08T02:14:46.777848Z,price_change,0.5600,SELL,325,0.52,0.5300
2026-01-08T02:14:46.77978Z,price_change,0.5,BUY,-800,0.52,0.5300
2026-01-08T02:14:46.780962Z,price_change,0.5300,SELL,-700,0.52,0.5300
2026-01-08T02:14:46.796613Z,price_change,0.51,BUY,800,0.52,0.5300
2026-01-08T02:14:46.796818Z,price_change,0.5600,SELL,-325,0.52,0.5300
2026-01-08T02:14:46.797797Z,price_change,0.5400,SELL,700,0.52,0.5300
2026-01-08T02:14:46.820532Z,price_change,0.5400,SELL,-1,0.52,0.5300
2026-01-08T02:14:46.820532Z,price_change,0.5500,SELL,1,0.52,0.5300
2026-01-08T02:14:46.822071Z,price_change,0.5600,SELL,325,0.52,0.5300
2026-01-08T02:14:46.837919Z,price_change,0.5600,SELL,-325,0.52,0.5300
2026-01-08T02:14:46.852864Z,price_change,0.52,BUY,5000,0.52,0.5300
2026-01-08T02:14:46.955063Z,price_change,0.5300,SELL,-459,0.52,0.5300
2026-01-08T02:14:46.955063Z,price_change,0.5300,SELL,-300,0.52,0.5400
2026-01-08T02:14:46.955063Z,price_change,0.53,BUY,9241,0.53,0.5400
1767838486,last_trade_price,0.53,BUY,459,0.53,0.5400
1767838486,last_trade_price,0.53,BUY,300,0.53,0.5400
2026-01-08T02:14:46.97035Z,price_change,0.51,BUY,-800,0.53,0.5400
2026-01-08T02:14:46.97354Z,price_change,0.5400,SELL,-700,0.53,0.5500
2026-01-08T02:14:46.985455Z,price_change,0.52,BUY,800,0.53,0.5500
2026-01-08T02:14:46.987931Z,price_change,0.52,BUY,-7,0.53,0.5500
2026-01-08T02:14:46.989594Z,price_change,0.5500,SELL,700,0.53,0.5500
2026-01-08T02:14:47.012198Z,price_change,0.5700,SELL,500,0.53,0.5500
2026-01-08T02:14:47.036009Z,price_change,0.5500,SELL,-1,0.53,0.5500
2026-01-08T02:14:47.036009Z,price_change,0.5600,SELL,1,0.53,0.5500
2026-01-08T02:14:47.071617Z,price_change,0.5700,SELL,-500,0.53,0.5500
2026-01-08T02:14:47.122249Z,price_change,0.49,BUY,459,0.53,0.5500
2026-01-08T02:14:47.140855Z,price_change,0.49,BUY,69000,0.53,0.5500
2026-01-08T02:14:47.178197Z,price_change,0.45,BUY,-125,0.53,0.5500
2026-01-08T02:14:47.208676Z,price_change,0.5400,SELL,50,0.53,0.5400
2026-01-08T02:14:47.236047Z,price_change,0.45,BUY,125,0.53,0.5400
2026-01-08T02:14:47.23665Z,price_change,0.5400,SELL,300,0.53,0.5400
2026-01-08T02:14:47.252828Z,price_change,0.47,BUY,2087,0.53,0.5400
2026-01-08T02:14:47.297924Z,price_change,0.5400,SELL,-50,0.53,0.5400
2026-01-08T02:14:47.301331Z,price_change,0.52,BUY,2500,0.53,0.5400
2026-01-08T02:14:47.3024Z,price_change,0.5400,SELL,200,0.53,0.5400
2026-01-08T02:14:47.312126Z,price_change,0.46,BUY,-690,0.53,0.5400
2026-01-08T02:14:47.312897Z,price_change,0.5700,SELL,-690,0.53,0.5400
2026-01-08T02:14:47.339035Z,price_change,0.5600,SELL,-1,0.53,0.5400
2026-01-08T02:14:47.339035Z,price_change,0.5400,SELL,1,0.53,0.5400
2026-01-08T02:14:47.41922Z,price_change,0.48,BUY,-459,0.53,0.5400
2026-01-08T02:14:47.541585Z,price_change,0.5500,SELL,50,0.53,0.5400
2026-01-08T02:14:47.630779Z,price_change,0.5500,SELL,-50,0.53,0.5400
2026-01-08T02:14:47.756685Z,price_change,0.53,BUY,-9241,0.52,0.5400
2026-01-08T02:14:47.768542Z,price_change,0.52,BUY,-800,0.52,0.5400
2026-01-08T02:14:47.771057Z,price_change,0.5500,SELL,-700,0.52,0.5400
2026-01-08T02:14:47.774864Z,price_change,0.51,BUY,800,0.52,0.5400
2026-01-08T02:14:47.780889Z,price_change,0.5400,SELL,700,0.52,0.5400
2026-01-08T02:14:47.783743Z,price_change,0.5400,SELL,-700,0.52,0.5400
2026-01-08T02:14:47.79491Z,price_change,0.5400,SELL,700,0.52,0.5400
2026-01-08T02:14:47.795584Z,price_change,0.5800,SELL,325,0.52,0.5400
2026-01-08T02:14:47.797561Z,price_change,0.5400,SELL,-700,0.52,0.5400
2026-01-08T02:14:47.806164Z,price_change,0.5500,SELL,700,0.52,0.5400
2026-01-08T02:14:47.806861Z,price_change,0.5400,SELL,-300,0.52,0.5400
2026-01-08T02:14:47.80757Z,price_change,0.5500,SELL,-700,0.52,0.5400
2026-01-08T02:14:47.808333Z,price_change,0.5800,SELL,-125,0.52,0.5400
2026-01-08T02:14:47.808855Z,price_change,0.45,BUY,-125,0.52,0.5400
2026-01-08T02:14:47.821296Z,price_change,0.5400,SELL,700,0.52,0.5400
2026-01-08T02:14:47.822651Z,price_change,0.5400,SELL,-700,0.52,0.5400
2026-01-08T02:14:47.834891Z,price_change,0.5400,SELL,700,0.52,0.5400
2026-01-08T02:14:48.073601Z,price_change,0.49,BUY,-459,0.52,0.5400
2026-01-08T02:14:48.143605Z,price_change,0.45,BUY,-200,0.52,0.5400
2026-01-08T02:14:48.14393Z,price_change,0.5400,SELL,-200,0.52,0.5400
2026-01-08T02:14:48.158419Z,price_change,0.51,BUY,-800,0.52,0.5400
2026-01-08T02:14:48.159614Z,price_change,0.5400,SELL,-700,0.52,0.5400
2026-01-08T02:14:48.169903Z,price_change,0.52,BUY,800,0.52,0.5400
2026-01-08T02:14:48.172251Z,price_change,0.5800,SELL,300,0.52,0.5400
2026-01-08T02:14:48.173432Z,price_change,0.5500,SELL,700,0.52,0.5400
2026-01-08T02:14:48.193451Z,price_change,0.5800,SELL,-500,0.52,0.5400
2026-01-08T02:14:48.193451Z,price_change,0.5900,SELL,500,0.52,0.5400
2026-01-08T02:14:48.217015Z,price_change,0.8200,SELL,-381,0.52,0.5400
2026-01-08T02:14:48.219964Z,price_change,0.6900,SELL,396,0.52,0.5400
2026-01-08T02:14:48.701087Z,price_change,0.47,BUY,-2087,0.52,0.5400
2026-01-08T02:14:48.776813Z,price_change,0.45,BUY,1984,0.52,0.5400
2026-01-08T02:14:48.864381Z,price_change,0.5400,SELL,-1,0.52,0.5500
2026-01-08T02:14:48.864381Z,price_change,0.5500,SELL,-99,0.52,0.5500
1767838488,last_trade_price,0.54,BUY,1,0.52,0.5500
1767838488,last_trade_price,0.55,BUY,99,0.52,0.5500
2026-01-08T02:14:48.96373Z,price_change,0.5500,SELL,25,0.52,0.5500
2026-01-08T02:14:48.993241Z,price_change,0.5500,SELL,1,0.52,0.5500
2026-01-08T02:14:49.177083Z,price_change,0.5500,SELL,-25,0.52,0.5500
2026-01-08T02:14:49.221985Z,price_change,0.48,BUY,23,0.52,0.5500
2026-01-08T02:14:49.301323Z,price_change,0.52,BUY,-800,0.52,0.5500
2026-01-08T02:14:49.302649Z,price_change,0.5500,SELL,-601,0.52,0.5500
2026-01-08T02:14:49.31673Z,price_change,0.53,BUY,849,0.53,0.5500
2026-01-08T02:14:49.317751Z,price_change,0.5900,SELL,-500,0.53,0.5500
2026-01-08T02:14:49.317751Z,price_change,0.6200,SELL,500,0.53,0.5500
2026-01-08T02:14:49.317969Z,price_change,0.5600,SELL,650,0.53,0.5500
2026-01-08T02:14:49.344475Z,price_change,0.53,BUY,140,0.53,0.5500
2026-01-08T02:14:49.345644Z,price_change,0.5800,SELL,26,0.53,0.5500
2026-01-08T02:14:49.36962Z,price_change,0.5500,SELL,-1,0.53,0.5600
2026-01-08T02:14:49.36962Z,price_change,0.5800,SELL,1,0.53,0.5600
2026-01-08T02:14:49.436507Z,price_change,0.5800,SELL,-1,0.53,0.5600
2026-01-08T02:14:49.436507Z,price_change,0.5600,SELL,1,0.53,0.5600
2026-01-08T02:14:49.463671Z,price_change,0.52,BUY,-2500,0.53,0.5600
2026-01-08T02:14:49.479383Z,price_change,0.53,BUY,2500,0.53,0.5600
2026-01-08T02:14:49.527309Z,price_change,0.53,BUY,-140,0.53,0.5600
2026-01-08T02:14:49.528813Z,price_change,0.5800,SELL,-26,0.53,0.5600
2026-01-08T02:14:49.575491Z,price_change,0.5600,SELL,15,0.53,0.5600
2026-01-08T02:14:49.66934Z,price_change,0.5600,SELL,-15,0.53,0.5600
2026-01-08T02:14:49.911413Z,price_change,0.45,BUY,-1984,0.53,0.5600
2026-01-08T02:14:49.915201Z,price_change,0.5600,SELL,50,0.53,0.5600
2026-01-08T02:14:49.981818Z,price_change,0.48,BUY,2106,0.53,0.5600
2026-01-08T02:14:50.000393Z,price_change,0.49,BUY,-69000,0.53,0.5600
2026-01-08T02:14:50.564351Z,price_change,0.45,BUY,691,0.53,0.5600
2026-01-08T02:14:50.567621Z,price_change,0.6400,SELL,691,0.53,0.5600
2026-01-08T02:14:50.656895Z,price_change,0.53,BUY,-849,0.53,0.5600
2026-01-08T02:14:50.658082Z,price_change,0.5600,SELL,-650,0.53,0.5600
2026-01-08T02:14:50.676273Z,price_change,0.52,BUY,425,0.53,0.5600
2026-01-08T02:14:50.677601Z,price_change,0.5800,SELL,1075,0.53,0.5600
2026-01-08T02:14:50.685111Z,price_change,0.53,BUY,-2500,0.52,0.5600
2026-01-08T02:14:50.687682Z,price_change,0.5800,SELL,-1075,0.52,0.5600
2026-01-08T02:14:50.696991Z,price_change,0.52,BUY,-425,0.52,0.5600
2026-01-08T02:14:50.700049Z,price_change,0.5600,SELL,1075,0.52,0.5600
2026-01-08T02:14:50.705134Z,price_change,0.48,BUY,2500,0.52,0.5600
2026-01-08T02:14:50.709152Z,price_change,0.5600,SELL,-1075,0.52,0.5600
2026-01-08T02:14:50.71051Z,price_change,0.51,BUY,425,0.52,0.5600
2026-01-08T02:14:50.724827Z,price_change,0.5600,SELL,1075,0.52,0.5600
2026-01-08T02:14:50.729367Z,price_change,0.5600,SELL,-1075,0.52,0.5600
2026-01-08T02:14:50.738751Z,price_change,0.5600,SELL,1075,0.52,0.5600
2026-01-08T02:14:50.780702Z,price_change,0.6200,SELL,-500,0.52,0.5600
2026-01-08T02:14:50.816735Z,price_change,0.5600,SELL,-1,0.52,0.5600
2026-01-08T02:14:50.816735Z,price_change,0.6100,SELL,1,0.52,0.5600
2026-01-08T02:14:50.927357Z,price_change,0.5500,SELL,46,0.52,0.5500
2026-01-08T02:14:50.940301Z,price_change,0.5600,SELL,-1075,0.52,0.5500
2026-01-08T02:14:50.949379Z,price_change,0.5500,SELL,1075,0.52,0.5500
2026-01-08T02:14:50.952184Z,price_change,0.5600,SELL,1,0.52,0.5500
2026-01-08T02:14:50.956413Z,price_change,0.5900,SELL,500,0.52,0.5500
2026-01-08T02:14:50.964544Z,price_change,0.48,BUY,-2500,0.52,0.5500
2026-01-08T02:14:50.969623Z,price_change,0.5900,SELL,-500,0.52,0.5500
2026-01-08T02:14:51.007894Z,price_change,0.5600,SELL,-1,0.52,0.5500
2026-01-08T02:14:51.007894Z,price_change,0.6300,SELL,1,0.52,0.5500
2026-01-08T02:14:51.024652Z,price_change,0.5600,SELL,-50,0.52,0.5500
2026-01-08T02:14:51.302071Z,price_change,0.6100,SELL,-1,0.52,0.5500
2026-01-08T02:14:51.302071Z,price_change,0.5500,SELL,1,0.52,0.5500
2026-01-08T02:14:51.330673Z,price_change,0.52,BUY,2500,0.52,0.5500
2026-01-08T02:14:51.57205Z,price_change,0.52,BUY,11,0.52,0.5500
2026-01-08T02:14:51.698204Z,price_change,0.5500,SELL,-46,0.52,0.5500
2026-01-08T02:14:51.698204Z,price_change,0.5500,SELL,-26,0.52,0.5500
1767838491,last_trade_price,0.55,BUY,46,0.52,0.5500
1767838491,last_trade_price,0.55,BUY,26,0.52,0.5500
2026-01-08T02:14:51.829889Z,price_change,0.52,BUY,-11,0.52,0.5500
2026-01-08T02:14:52.230168Z,price_change,0.52,BUY,-5000,0.52,0.5500
2026-01-08T02:14:52.259525Z,price_change,0.52,BUY,-2500,0.52,0.5500
2026-01-08T02:14:52.279929Z,price_change,0.48,BUY,2500,0.52,0.5500
2026-01-08T02:14:52.769164Z,price_change,0.5600,SELL,-45,0.52,0.5500
2026-01-08T02:14:52.769164Z,price_change,0.52,BUY,-54,0.51,0.5500
2026-01-08T02:14:52.783444Z,price_change,0.5500,SELL,-1049,0.51,0.5500
2026-01-08T02:14:52.794127Z,price_change,0.5500,SELL,1053,0.51,0.5500
2026-01-08T02:14:52.804285Z,price_change,0.5900,SELL,500,0.51,0.5500
2026-01-08T02:14:52.818696Z,price_change,0.5900,SELL,-500,0.51,0.5500
2026-01-08T02:14:52.857483Z,price_change,0.6300,SELL,1,0.51,0.5500
2026-01-08T02:14:52.866337Z,price_change,0.6300,SELL,-1,0.51,0.5500
2026-01-08T02:14:52.866337Z,price_change,0.5500,SELL,2,0.51,0.5500
2026-01-08T02:14:53.000099Z,price_change,0.6400,SELL,-691,0.51,0.5500
2026-01-08T02:14:53.000099Z,price_change,0.45,BUY,-691,0.51,0.5500
2026-01-08T02:14:53.021703Z,price_change,0.51,BUY,37,0.51,0.5500
2026-01-08T02:14:53.282463Z,price_change,0.51,BUY,-37,0.51,0.5500
2026-01-08T02:14:53.300636Z,price_change,0.5500,SELL,-1,0.51,0.5500
2026-01-08T02:14:53.300636Z,price_change,0.6300,SELL,1,0.51,0.5500
2026-01-08T02:14:53.375948Z,price_change,0.51,BUY,24,0.51,0.5500
2026-01-08T02:14:53.459699Z,price_change,0.5700,SELL,452,0.51,0.5500
2026-01-08T02:14:53.644809Z,price_change,0.5500,SELL,-180,0.51,0.5500
1767838493,last_trade_price,0.55,BUY,180,0.51,0.5500
2026-01-08T02:14:53.656946Z,price_change,0.5500,SELL,-873,0.51,0.5500
2026-01-08T02:14:53.673758Z,price_change,0.5600,SELL,963,0.51,0.5500
2026-01-08T02:14:53.684083Z,price_change,0.5600,SELL,-963,0.51,0.5500
2026-01-08T02:14:53.685632Z,price_change,0.5900,SELL,500,0.51,0.5500
2026-01-08T02:14:53.694022Z,price_change,0.5500,SELL,963,0.51,0.5500
2026-01-08T02:14:53.695625Z,price_change,0.5500,SELL,-963,0.51,0.5500
2026-01-08T02:14:53.697753Z,price_change,0.5900,SELL,-500,0.51,0.5500
2026-01-08T02:14:53.704591Z,price_change,0.5500,SELL,963,0.51,0.5500
2026-01-08T02:14:53.707973Z,price_change,0.5500,SELL,-963,0.51,0.5500
2026-01-08T02:14:53.713808Z,price_change,0.5900,SELL,500,0.51,0.5500
2026-01-08T02:14:53.719979Z,price_change,0.5500,SELL,963,0.51,0.5500
2026-01-08T02:14:53.723396Z,price_change,0.5500,SELL,-963,0.51,0.5500
2026-01-08T02:14:53.731672Z,price_change,0.5500,SELL,-2,0.51,0.5700
2026-01-08T02:14:53.731672Z,price_change,0.5600,SELL,2,0.51,0.5600
2026-01-08T02:14:53.738487Z,price_change,0.5900,SELL,-500,0.51,0.5600
2026-01-08T02:14:53.739997Z,price_change,0.5500,SELL,963,0.51,0.5500
2026-01-08T02:14:53.743076Z,price_change,0.6300,SELL,-1,0.51,0.5500
2026-01-08T02:14:53.74352Z,price_change,0.5500,SELL,-963,0.51,0.5600
2026-01-08T02:14:53.749038Z,price_change,0.5900,SELL,500,0.51,0.5600
2026-01-08T02:14:53.755222Z,price_change,0.5500,SELL,963,0.51,0.5500
2026-01-08T02:14:53.757957Z,price_change,0.5500,SELL,-963,0.51,0.5600
2026-01-08T02:14:53.766448Z,price_change,0.5600,SELL,38,0.51,0.5600
2026-01-08T02:14:53.773697Z,price_change,0.5600,SELL,963,0.51,0.5600
2026-01-08T02:14:53.791866Z,price_change,0.5600,SELL,-2,0.51,0.5600
2026-01-08T02:14:53.791866Z,price_change,0.5500,SELL,2,0.51,0.5500
2026-01-08T02:14:53.796643Z,price_change,0.5900,SELL,-500,0.51,0.5500
2026-01-08T02:14:53.803537Z,price_change,0.5600,SELL,-963,0.51,0.5500
2026-01-08T02:14:53.814271Z,price_change,0.5500,SELL,963,0.51,0.5500
2026-01-08T02:14:53.819306Z,price_change,0.5900,SELL,500,0.51,0.5500
2026-01-08T02:14:53.837104Z,price_change,0.5900,SELL,-500,0.51,0.5500
2026-01-08T02:14:53.881768Z,price_change,0.6300,SELL,-1,0.51,0.5500
2026-01-08T02:14:53.881768Z,price_change,0.5600,SELL,1,0.51,0.5500
2026-01-08T02:14:53.883094Z,price_change,0.5500,SELL,-2,0.51,0.5500
2026-01-08T02:14:53.883094Z,price_change,0.5600,SELL,2,0.51,0.5500
2026-01-08T02:14:53.901711Z,price_change,0.48,BUY,-2500,0.51,0.5500
2026-01-08T02:14:53.959819Z,price_change,0.5,BUY,2500,0.51,0.5500
2026-01-08T02:14:54.00273Z,price_change,0.5600,SELL,-38,0.51,0.5500
2026-01-08T02:14:54.108175Z,price_change,0.5,BUY,-2500,0.51,0.5500
2026-01-08T02:14:54.465725Z,price_change,0.5500,SELL,3,0.51,0.5500
2026-01-08T02:14:54.4977Z,price_change,0.51,BUY,2500,0.51,0.5500
2026-01-08T02:14:54.665882Z,price_change,0.52,BUY,15,0.52,0.5500
2026-01-08T02:14:54.66692Z,price_change,0.5600,SELL,6,0.52,0.5500
2026-01-08T02:14:54.677433Z,price_change,0.52,BUY,2000,0.52,0.5500
2026-01-08T02:14:54.67822Z,price_change,0.6300,SELL,2000,0.52,0.5500
2026-01-08T02:14:54.695098Z,price_change,0.51,BUY,-24,0.52,0.5500
2026-01-08T02:14:54.706107Z,price_change,0.5600,SELL,-6,0.52,0.5500
2026-01-08T02:14:54.798576Z,price_change,0.51,BUY,35,0.52,0.5500
2026-01-08T02:14:54.82639Z,price_change,0.51,BUY,-2500,0.52,0.5500
2026-01-08T02:14:54.843011Z,price_change,0.52,BUY,2500,0.52,0.5500
2026-01-08T02:14:55.001017Z,price_change,0.5700,SELL,150,0.52,0.5500
2026-01-08T02:14:55.004183Z,price_change,0.53,BUY,150,0.53,0.5500
2026-01-08T02:14:55.022444Z,price_change,0.51,BUY,-425,0.53,0.5500
2026-01-08T02:14:55.037271Z,price_change,0.52,BUY,537,0.53,0.5500
2026-01-08T02:14:55.045177Z,price_change,0.51,BUY,-35,0.53,0.5500
2026-01-08T02:14:55.126293Z,price_change,0.52,BUY,452,0.53,0.5500
2026-01-08T02:14:55.175097Z,price_change,0.52,BUY,-2500,0.53,0.5500
2026-01-08T02:14:55.195635Z,price_change,0.53,BUY,2500,0.53,0.5500
2026-01-08T02:14:55.225477Z,price_change,0.5500,SELL,-3,0.53,0.5500
2026-01-08T02:14:55.226419Z,price_change,0.52,BUY,-15,0.53,0.5500
2026-01-08T02:14:55.251151Z,price_change,0.5500,SELL,200,0.53,0.5500
2026-01-08T02:14:55.272332Z,price_change,0.48,BUY,200,0.53,0.5500
2026-01-08T02:14:55.352085Z,price_change,0.48,BUY,125,0.53,0.5500
2026-01-08T02:14:55.35504Z,price_change,0.5500,SELL,300,0.53,0.5500
2026-01-08T02:14:55.4099Z,price_change,0.5700,SELL,-452,0.53,0.5500
2026-01-08T02:14:55.457073Z,price_change,0.53,BUY,325,0.53,0.5500
2026-01-08T02:14:55.622706Z,price_change,0.53,BUY,-79,0.53,0.5500
1767838495,last_trade_price,0.47,SELL,79,0.53,0.5500
2026-01-08T02:14:56.294917Z,price_change,0.54,BUY,690,0.54,0.5500
2026-01-08T02:14:56.297051Z,price_change,0.6100,SELL,690,0.54,0.5500
2026-01-08T02:14:56.39779Z,price_change,0.5600,SELL,-2,0.54,0.5500
2026-01-08T02:14:56.39779Z,price_change,0.5500,SELL,3,0.54,0.5500
2026-01-08T02:14:56.437822Z,price_change,0.5600,SELL,-1,0.54,0.5500
2026-01-08T02:14:56.437822Z,price_change,0.6000,SELL,1,0.54,0.5500
2026-01-08T02:14:56.545019Z,price_change,0.54,BUY,7,0.54,0.5500
2026-01-08T02:14:56.776338Z,price_change,0.5500,SELL,-9,0.54,0.5500
1767838496,last_trade_price,0.55,BUY,9,0.54,0.5500
2026-01-08T02:14:56.898092Z,price_change,0.5500,SELL,-954,0.54,0.5500
2026-01-08T02:14:56.898092Z,price_change,0.5500,SELL,-200,0.54,0.5500
2026-01-08T02:14:56.898092Z,price_change,0.5500,SELL,-300,0.54,0.5500
2026-01-08T02:14:56.898092Z,price_change,0.5500,SELL,-3,0.54,0.5700
2026-01-08T02:14:56.898092Z,price_change,0.55,BUY,3543,0.55,0.5700
1767838496,last_trade_price,0.55,BUY,954,0.55,0.5700
1767838496,last_trade_price,0.55,BUY,200,0.55,0.5700
1767838496,last_trade_price,0.55,BUY,300,0.55,0.5700
1767838496,last_trade_price,0.55,BUY,3,0.55,0.5700
2026-01-08T02:14:56.91244Z,price_change,0.52,BUY,-537,0.55,0.5700
2026-01-08T02:14:56.919599Z,price_change,0.5900,SELL,500,0.55,0.5700
2026-01-08T02:14:56.92461Z,price_change,0.5800,SELL,481,0.55,0.5700
2026-01-08T02:14:56.925743Z,price_change,0.54,BUY,1018,0.55,0.5700
2026-01-08T02:14:56.929679Z,price_change,0.5800,SELL,-481,0.55,0.5700
2026-01-08T02:14:56.932748Z,price_change,0.5900,SELL,-175,0.55,0.5700
2026-01-08T02:14:56.940366Z,price_change,0.8100,SELL,-382,0.55,0.5700
2026-01-08T02:14:56.944026Z,price_change,0.5700,SELL,481,0.55,0.5700
2026-01-08T02:14:56.944274Z,price_change,0.8300,SELL,377,0.55,0.5700
2026-01-08T02:14:56.951058Z,price_change,0.5700,SELL,-481,0.55,0.5700
2026-01-08T02:14:56.963682Z,price_change,0.5700,SELL,481,0.55,0.5700
2026-01-08T02:14:56.968444Z,price_change,0.5700,SELL,-481,0.55,0.5700
2026-01-08T02:14:56.970472Z,price_change,0.48,BUY,-125,0.55,0.5700
2026-01-08T02:14:56.975267Z,price_change,0.5700,SELL,481,0.55,0.5700
2026-01-08T02:14:56.979784Z,price_change,0.5700,SELL,-481,0.55,0.5700
2026-01-08T02:14:56.987019Z,price_change,0.6000,SELL,-1,0.55,0.5700
2026-01-08T02:14:56.987019Z,price_change,0.5800,SELL,1,0.55,0.5700
2026-01-08T02:14:56.989158Z,price_change,0.5700,SELL,481,0.55,0.5700
2026-01-08T02:14:56.991873Z,price_change,0.5700,SELL,-481,0.55,0.5700
2026-01-08T02:14:56.99921Z,price_change,0.5700,SELL,481,0.55,0.5700
2026-01-08T02:14:57.003365Z,price_change,0.5700,SELL,-481,0.55,0.5700
2026-01-08T02:14:57.014331Z,price_change,0.5700,SELL,481,0.55,0.5700
2026-01-08T02:14:57.016368Z,price_change,0.48,BUY,125,0.55,0.5700
2026-01-08T02:14:57.02664Z,price_change,0.54,BUY,-7,0.55,0.5700
2026-01-08T02:14:57.035553Z,price_change,0.5600,SELL,300,0.55,0.5600
2026-01-08T02:14:57.079327Z,price_change,0.5800,SELL,-1,0.55,0.5600
2026-01-08T02:14:57.079327Z,price_change,0.5700,SELL,1,0.55,0.5600
2026-01-08T02:14:57.148877Z,price_change,0.5700,SELL,25,0.55,0.5600
2026-01-08T02:14:57.183882Z,price_change,0.55,BUY,7,0.55,0.5600
2026-01-08T02:14:57.233161Z,price_change,0.55,BUY,5000,0.55,0.5600
2026-01-08T02:14:57.240619Z,price_change,0.5700,SELL,-25,0.55,0.5600
2026-01-08T02:14:57.244098Z,price_change,0.54,BUY,-1018,0.55,0.5600
2026-01-08T02:14:57.245352Z,price_change,0.5700,SELL,-481,0.55,0.5600
2026-01-08T02:14:57.250187Z,price_change,0.5900,SELL,-325,0.55,0.5600
2026-01-08T02:14:57.259276Z,price_change,0.55,BUY,1018,0.55,0.5600
2026-01-08T02:14:57.261819Z,price_change,0.5800,SELL,481,0.55,0.5600
2026-01-08T02:14:57.272458Z,price_change,0.5600,SELL,-300,0.55,0.5700
1767838497,last_trade_price,0.56,BUY,300,0.55,0.5700
2026-01-08T02:14:57.301314Z,price_change,0.5600,SELL,200,0.55,0.5600
2026-01-08T02:14:57.320767Z,price_change,0.53,BUY,-2500,0.55,0.5600
2026-01-08T02:14:57.341731Z,price_change,0.5700,SELL,7500,0.55,0.5600
2026-01-08T02:14:57.345867Z,price_change,0.6000,SELL,125,0.55,0.5600
2026-01-08T02:14:57.35022Z,price_change,0.55,BUY,2500,0.55,0.5600
2026-01-08T02:14:57.364081Z,price_change,0.6000,SELL,-125,0.55,0.5600
2026-01-08T02:14:57.370034Z,price_change,0.5700,SELL,-1,0.55,0.5600
2026-01-08T02:14:57.370034Z,price_change,0.5600,SELL,1,0.55,0.5600
2026-01-08T02:14:57.380236Z,price_change,0.48,BUY,-125,0.55,0.5600
2026-01-08T02:14:57.411831Z,price_change,0.5600,SELL,-200,0.55,0.5600
2026-01-08T02:14:57.411831Z,price_change,0.5600,SELL,-1,0.55,0.5700
2026-01-08T02:14:57.411831Z,price_change,0.5700,SELL,-150,0.55,0.5700
2026-01-08T02:14:57.411831Z,price_change,0.5700,SELL,-7500,0.55,0.5800
2026-01-08T02:14:57.411831Z,price_change,0.5800,SELL,-481,0.55,0.5900
1767838497,last_trade_price,0.56,BUY,200,0.55,0.5900
1767838497,last_trade_price,0.56,BUY,1,0.55,0.5900
1767838497,last_trade_price,0.57,BUY,150,0.55,0.5900
1767838497,last_trade_price,0.57,BUY,7500,0.55,0.5900
1767838497,last_trade_price,0.58,BUY,481,0.55,0.5900
2026-01-08T02:14:57.41367Z,price_change,0.53,BUY,-71,0.55,0.5900
2026-01-08T02:14:57.420062Z,price_change,0.5800,SELL,481,0.55,0.5800
2026-01-08T02:14:57.422702Z,price_change,0.55,BUY,-1018,0.55,0.5800
2026-01-08T02:14:57.42392Z,price_change,0.5800,SELL,-481,0.55,0.5900
2026-01-08T02:14:57.430017Z,price_change,0.5600,SELL,300,0.55,0.5600
2026-01-08T02:14:57.430109Z,price_change,0.48,BUY,125,0.55,0.5600
2026-01-08T02:14:57.432058Z,price_change,0.6000,SELL,125,0.55,0.5600
2026-01-08T02:14:57.449113Z,price_change,0.55,BUY,1499,0.55,0.5600
2026-01-08T02:14:57.449168Z,price_change,0.6000,SELL,-125,0.55,0.5600
2026-01-08T02:14:57.469512Z,price_change,0.6000,SELL,1,0.55,0.5600
2026-01-08T02:14:57.504932Z,price_change,0.55,BUY,26969,0.55,0.5600
2026-01-08T02:14:57.528926Z,price_change,0.5600,SELL,-300,0.55,0.5900
2026-01-08T02:14:57.530415Z,price_change,0.48,BUY,-125,0.55,0.5900
2026-01-08T02:14:57.538409Z,price_change,0.55,BUY,-1499,0.55,0.5900
2026-01-08T02:14:57.54876Z,price_change,0.6200,SELL,125,0.55,0.5900
2026-01-08T02:14:57.549123Z,price_change,0.56,BUY,1499,0.56,0.5900
2026-01-08T02:14:57.572394Z,price_change,0.57,BUY,7,0.57,0.5900
2026-01-08T02:14:57.573191Z,price_change,0.55,BUY,-7,0.57,0.5900
2026-01-08T02:14:57.58556Z,price_change,0.56,BUY,-1499,0.57,0.5900
2026-01-08T02:14:57.588344Z,price_change,0.48,BUY,125,0.57,0.5900
2026-01-08T02:14:57.589796Z,price_change,0.57,BUY,-7,0.55,0.5900
2026-01-08T02:14:57.589796Z,price_change,0.55,BUY,-35,0.55,0.5900
1767838497,last_trade_price,0.43,SELL,7,0.55,0.5900
1767838497,last_trade_price,0.45,SELL,35,0.55,0.5900
2026-01-08T02:14:57.598464Z,price_change,0.5700,SELL,300,0.55,0.5700
2026-01-08T02:14:57.601983Z,price_change,0.55,BUY,-2500,0.55,0.5700
2026-01-08T02:14:57.608907Z,price_change,0.56,BUY,7,0.56,0.5700
2026-01-08T02:14:57.610212Z,price_change,0.56,BUY,1499,0.56,0.5700
2026-01-08T02:14:57.6184Z,price_change,0.6200,SELL,-125,0.56,0.5700
2026-01-08T02:14:57.631033Z,price_change,0.56,BUY,-7,0.56,0.5700
2026-01-08T02:14:57.65456Z,price_change,0.48,BUY,-200,0.56,0.5700
2026-01-08T02:14:57.659012Z,price_change,0.6000,SELL,-1,0.56,0.5700
2026-01-08T02:14:57.659012Z,price_change,0.5700,SELL,1,0.56,0.5700
2026-01-08T02:14:57.668365Z,price_change,0.52,BUY,-2000,0.56,0.5700
2026-01-08T02:14:57.671942Z,price_change,0.6300,SELL,-2000,0.56,0.5700
2026-01-08T02:14:57.677362Z,price_change,0.54,BUY,-690,0.56,0.5700
2026-01-08T02:14:57.679022Z,price_change,0.6100,SELL,-690,0.56,0.5700
2026-01-08T02:14:57.699327Z,price_change,0.6200,SELL,215,0.56,0.5700
2026-01-08T02:14:57.738012Z,price_change,0.5700,SELL,-1,0.56,0.5700
2026-01-08T02:14:57.738012Z,price_change,0.6500,SELL,1,0.56,0.5700
2026-01-08T02:14:57.872593Z,price_change,0.5700,SELL,-300,0.56,0.5900
2026-01-08T02:14:57.873557Z,price_change,0.48,BUY,-125,0.56,0.5900
2026-01-08T02:14:57.897075Z,price_change,0.6200,SELL,-215,0.56,0.5900
2026-01-08T02:14:57.897075Z,price_change,0.6400,SELL,500,0.56,0.5900
2026-01-08T02:14:57.968227Z,price_change,0.6500,SELL,-1,0.56,0.5900
2026-01-08T02:14:57.968227Z,price_change,0.6300,SELL,1,0.56,0.5900
2026-01-08T02:14:58.026773Z,price_change,0.6200,SELL,26,0.56,0.5900
2026-01-08T02:14:58.043482Z,price_change,0.6300,SELL,5,0.56,0.5900
2026-01-08T02:14:58.051254Z,price_change,0.57,BUY,5000,0.57,0.5900
2026-01-08T02:14:58.066482Z,price_change,0.56,BUY,-1499,0.57,0.5900
2026-01-08T02:14:58.078731Z,price_change,0.58,BUY,1499,0.58,0.5900
2026-01-08T02:14:58.122691Z,price_change,0.5900,SELL,50,0.58,0.5900
2026-01-08T02:14:58.144494Z,price_change,0.6200,SELL,-26,0.58,0.5900
2026-01-08T02:14:58.187136Z,price_change,0.53,BUY,15,0.58,0.5900
2026-01-08T02:14:58.195084Z,price_change,0.6300,SELL,1,0.58,0.5900
2026-01-08T02:14:58.239122Z,price_change,0.5900,SELL,15,0.58,0.5900
2026-01-08T02:14:58.25603Z,price_change,0.6400,SELL,-500,0.58,0.5900
2026-01-08T02:14:58.25603Z,price_change,0.6300,SELL,151,0.58,0.5900
2026-01-08T02:14:58.290829Z,price_change,0.57,BUY,25,0.58,0.5900
2026-01-08T02:14:58.330801Z,price_change,0.6300,SELL,-1,0.58,0.5900
2026-01-08T02:14:58.330801Z,price_change,0.6200,SELL,1,0.58,0.5900
2026-01-08T02:14:58.405432Z,price_change,0.6300,SELL,-1,0.58,0.5900
2026-01-08T02:14:58.405432Z,price_change,0.6200,SELL,1,0.58,0.5900
2026-01-08T02:14:58.406221Z,price_change,0.6300,SELL,-5,0.58,0.5900
2026-01-08T02:14:58.406757Z,price_change,0.48,BUY,-2106,0.58,0.5900
2026-01-08T02:14:58.472759Z,price_change,0.48,BUY,-23,0.58,0.5900
2026-01-08T02:14:58.473703Z,price_change,0.52,BUY,2290,0.58,0.5900
2026-01-08T02:14:58.538265Z,price_change,0.52,BUY,23,0.58,0.5900
2026-01-08T02:14:58.561371Z,price_change,0.57,BUY,-25,0.58,0.5900
2026-01-08T02:14:58.728072Z,price_change,0.53,BUY,-15,0.58,0.5900
2026-01-08T02:14:58.816429Z,price_change,0.6300,SELL,50,0.58,0.5900
2026-01-08T02:14:58.871976Z,price_change,0.6200,SELL,-1,0.58,0.5900
2026-01-08T02:14:58.875895Z,price_change,0.5900,SELL,-15,0.58,0.5900
2026-01-08T02:14:58.877685Z,price_change,0.6200,SELL,-1,0.58,0.5900
2026-01-08T02:14:58.894408Z,price_change,0.58,BUY,-292,0.58,0.5900
1767838498,last_trade_price,0.42,SELL,292,0.58,0.5900
2026-01-08T02:14:58.908999Z,price_change,0.58,BUY,-1207,0.57,0.5900
2026-01-08T02:14:58.911737Z,price_change,0.6200,SELL,146,0.57,0.5900
2026-01-08T02:14:58.919718Z,price_change,0.58,BUY,1353,0.58,0.5900
2026-01-08T02:14:58.922712Z,price_change,0.6200,SELL,-146,0.58,0.5900
2026-01-08T02:14:58.936343Z,price_change,0.6200,SELL,146,0.58,0.5900
2026-01-08T02:14:59.005053Z,price_change,0.5900,SELL,15,0.58,0.5900
2026-01-08T02:14:59.049655Z,price_change,0.6300,SELL,-201,0.58,0.5900
2026-01-08T02:14:59.049655Z,price_change,0.6400,SELL,500,0.58,0.5900
2026-01-08T02:14:59.209257Z,price_change,0.5900,SELL,-15,0.58,0.5900
2026-01-08T02:14:59.232484Z,price_change,0.55,BUY,-3508,0.58,0.5900
2026-01-08T02:14:59.306761Z,price_change,0.5900,SELL,15,0.58,0.5900
2026-01-08T02:14:59.320368Z,price_change,0.52,BUY,-452,0.58,0.5900
2026-01-08T02:14:59.848323Z,price_change,0.5900,SELL,135,0.58,0.5900
2026-01-08T02:14:59.850283Z,price_change,0.55,BUY,150,0.58,0.5900
2026-01-08T02:14:59.876391Z,price_change,0.6400,SELL,-500,0.58,0.5900
2026-01-08T02:14:59.876391Z,price_change,0.6300,SELL,201,0.58,0.5900
2026-01-08T02:14:59.933536Z,price_change,0.6300,SELL,-50,0.58,0.5900
2026-01-08T02:14:59.946261Z,price_change,0.5900,SELL,-50,0.58,0.5900
2026-01-08T02:15:00.000557Z,price_change,0.55,BUY,-26969,0.58,0.5900
2026-01-08T02:15:00.035145Z,price_change,0.5900,SELL,22,0.58,0.5900
2026-01-08T02:15:00.193218Z,price_change,0.6200,SELL,-146,0.58,0.5900
2026-01-08T02:15:00.207543Z,price_change,0.6100,SELL,190,0.58,0.5900
2026-01-08T02:15:00.213537Z,price_change,0.6300,SELL,22,0.58,0.5900
2026-01-08T02:15:00.311965Z,price_change,0.5900,SELL,-22,0.58,0.5900
2026-01-08T02:15:00.359698Z,price_change,0.6300,SELL,-22,0.58,0.5900
2026-01-08T02:15:00.410361Z,price_change,0.5900,SELL,50,0.58,0.5900
2026-01-08T02:15:00.4598Z,price_change,0.6300,SELL,50,0.58,0.5900
2026-01-08T02:15:00.688556Z,price_change,0.58,BUY,2500,0.58,0.5900
2026-01-08T02:15:01.07294Z,price_change,0.5900,SELL,-30,0.58,0.5900
1767838501,last_trade_price,0.59,BUY,30,0.58,0.5900
1767838501,last_trade_price,0.59,BUY,1,0.58,0.5900
2026-01-08T02:15:01.07294Z,price_change,0.5900,SELL,-1,0.58,0.5900
2026-01-08T02:15:01.114711Z,price_change,0.5900,SELL,20,0.58,0.5900
2026-01-08T02:15:01.138921Z,price_change,0.55,BUY,-5000,0.58,0.5900
2026-01-08T02:15:01.140394Z,price_change,0.57,BUY,-5000,0.58,0.5900
2026-01-08T02:15:01.211996Z,price_change,0.5900,SELL,-20,0.58,0.5900
2026-01-08T02:15:01.360161Z,price_change,0.5900,SELL,-50,0.58,0.5900
2026-01-08T02:15:01.482654Z,price_change,0.6300,SELL,-50,0.58,0.5900
2026-01-08T02:15:01.488905Z,price_change,0.5900,SELL,458,0.58,0.5900
2026-01-08T02:15:01.517373Z,price_change,0.6300,SELL,349,0.58,0.5900
2026-01-08T02:15:02.054778Z,price_change,0.51,BUY,2473,0.58,0.5900
2026-01-08T02:15:02.056403Z,price_change,0.5900,SELL,3053,0.58,0.5900
2026-01-08T02:15:02.057929Z,price_change,0.5,BUY,841,0.58,0.5900
2026-01-08T02:15:02.059456Z,price_change,0.6000,SELL,1043,0.58,0.5900
2026-01-08T02:15:02.076831Z,price_change,0.6300,SELL,-500,0.58,0.5900
2026-01-08T02:15:02.138173Z,price_change,0.6000,SELL,1,0.58,0.5900
2026-01-08T02:15:02.325653Z,price_change,0.5900,SELL,-458,0.58,0.5900
2026-01-08T02:15:02.349822Z,price_change,0.6000,SELL,1,0.58,0.5900
2026-01-08T02:15:02.502222Z,price_change,0.52,BUY,-2290,0.58,0.5900
2026-01-08T02:15:02.789908Z,price_change,0.51,BUY,-2473,0.58,0.5900
2026-01-08T02:15:02.791489Z,price_change,0.5900,SELL,-3053,0.58,0.5900
2026-01-08T02:15:02.792937Z,price_change,0.5,BUY,-841,0.58,0.5900
2026-01-08T02:15:02.795752Z,price_change,0.6000,SELL,-1043,0.58,0.5900
2026-01-08T02:15:02.818333Z,price_change,0.6300,SELL,500,0.58,0.5900
2026-01-08T02:15:02.832335Z,price_change,0.6300,SELL,-349,0.58,0.5900
2026-01-08T02:15:02.861392Z,price_change,0.6000,SELL,-1,0.58,0.5900
2026-01-08T02:15:02.861392Z,price_change,0.6500,SELL,1,0.58,0.5900
2026-01-08T02:15:02.880674Z,price_change,0.6000,SELL,-1,0.58,0.5900
2026-01-08T02:15:02.880674Z,price_change,0.6500,SELL,1,0.58,0.5900
2026-01-08T02:15:03.148067Z,price_change,0.58,BUY,-783,0.58,0.5900
1767838503,last_trade_price,0.42,SELL,783,0.58,0.5900
2026-01-08T02:15:03.164429Z,price_change,0.58,BUY,-570,0.58,0.5900
2026-01-08T02:15:03.167842Z,price_change,0.6100,SELL,-190,0.58,0.5900
2026-01-08T02:15:03.173901Z,price_change,0.57,BUY,720,0.58,0.5900
2026-01-08T02:15:03.179213Z,price_change,0.6000,SELL,780,0.58,0.5900
2026-01-08T02:15:03.193681Z,price_change,0.58,BUY,2500,0.58,0.5900
2026-01-08T02:15:03.249123Z,price_change,0.6500,SELL,-1,0.58,0.5900
2026-01-08T02:15:03.249123Z,price_change,0.6000,SELL,1,0.58,0.5900
2026-01-08T02:15:03.256594Z,price_change,0.55,BUY,-150,0.58,0.5900
2026-01-08T02:15:03.259333Z,price_change,0.5900,SELL,-135,0.58,0.5900
2026-01-08T02:15:03.263085Z,price_change,0.6500,SELL,-1,0.58,0.5900
2026-01-08T02:15:03.263085Z,price_change,0.6000,SELL,1,0.58,0.5900
2026-01-08T02:15:03.286653Z,price_change,0.6300,SELL,-151,0.58,0.5900
2026-01-08T02:15:03.286653Z,price_change,0.6400,SELL,500,0.58,0.5900
2026-01-08T02:15:03.723954Z,price_change,0.5900,SELL,-14,0.58,0.6000
2026-01-08T02:15:04.986412Z,price_change,0.8000,SELL,-184,0.58,0.6000
2026-01-08T02:15:04.989092Z,price_change,0.8200,SELL,207,0.58,0.6000
2026-01-08T02:15:05.513966Z,price_change,0.47,BUY,691,0.58,0.6000
2026-01-08T02:15:05.540175Z,price_change,0.6700,SELL,691,0.58,0.6000
2026-01-08T02:15:05.74479Z,price_change,0.57,BUY,2000,0.58,0.6000
2026-01-08T02:15:05.746189Z,price_change,0.7000,SELL,2000,0.58,0.6000
2026-01-08T02:15:05.893091Z,price_change,0.6000,SELL,200,0.58,0.6000
2026-01-08T02:15:05.919977Z,price_change,0.6400,SELL,-500,0.58,0.6000
2026-01-08T02:15:06.154021Z,price_change,0.5,BUY,50,0.58,0.6000
2026-01-08T02:15:06.270841Z,price_change,0.6000,SELL,-75,0.58,0.6000
1767838506,last_trade_price,0.6,BUY,75,0.58,0.6000
2026-01-08T02:15:06.283998Z,price_change,0.6000,SELL,-40,0.58,0.6000
1767838506,last_trade_price,0.6,BUY,40,0.58,0.6000
2026-01-08T02:15:06.290696Z,price_change,0.6400,SELL,500,0.58,0.6000
2026-01-08T02:15:06.493973Z,price_change,0.6200,SELL,150,0.58,0.6000
2026-01-08T02:15:06.496292Z,price_change,0.58,BUY,150,0.58,0.6000
2026-01-08T02:15:06.514331Z,price_change,0.6400,SELL,-500,0.58,0.6000
2026-01-08T02:15:06.542113Z,price_change,0.58,BUY,-14,0.58,0.6000
1767838506,last_trade_price,0.42,SELL,14,0.58,0.6000
2026-01-08T02:15:06.576361Z,price_change,0.6200,SELL,-150,0.58,0.6000
2026-01-08T02:15:06.576361Z,price_change,0.58,BUY,-150,0.58,0.6000
2026-01-08T02:15:06.577891Z,price_change,0.6100,SELL,10000,0.58,0.6000
2026-01-08T02:15:06.596539Z,price_change,0.6400,SELL,500,0.58,0.6000
2026-01-08T02:15:06.609954Z,price_change,0.6400,SELL,-500,0.58,0.6000
2026-01-08T02:15:06.760072Z,price_change,0.52,BUY,-23,0.58,0.6000
2026-01-08T02:15:06.87902Z,price_change,0.53,BUY,25,0.58,0.6000
2026-01-08T02:15:07.033432Z,price_change,0.59,BUY,690,0.59,0.6000
2026-01-08T02:15:07.034711Z,price_change,0.6800,SELL,690,0.59,0.6000
2026-01-08T02:15:07.046657Z,price_change,0.57,BUY,-720,0.59,0.6000
2026-01-08T02:15:07.049471Z,price_change,0.6000,SELL,-665,0.59,0.6000
2026-01-08T02:15:07.058906Z,price_change,0.58,BUY,777,0.59,0.6000
2026-01-08T02:15:07.061608Z,price_change,0.6100,SELL,722,0.59,0.6000
2026-01-08T02:15:07.237563Z,price_change,0.6000,SELL,-1,0.59,0.6000
2026-01-08T02:15:07.237563Z,price_change,0.6000,SELL,-1,0.59,0.6000
2026-01-08T02:15:07.237563Z,price_change,0.6000,SELL,-37,0.59,0.6000
1767838507,last_trade_price,0.6,BUY,1,0.59,0.6000
1767838507,last_trade_price,0.6,BUY,1,0.59,0.6000
1767838507,last_trade_price,0.6,BUY,37,0.59,0.6000
2026-01-08T02:15:07.453108Z,price_change,0.53,BUY,2358,0.59,0.6000
2026-01-08T02:15:08.00004Z,price_change,0.6700,SELL,-691,0.59,0.6000
2026-01-08T02:15:08.00004Z,price_change,0.47,BUY,-691,0.59,0.6000
2026-01-08T02:15:08.089562Z,price_change,0.59,BUY,-223,0.59,0.6000
1767838508,last_trade_price,0.41,SELL,223,0.59,0.6000
2026-01-08T02:15:08.175314Z,price_change,0.6000,SELL,7500,0.59,0.6000
2026-01-08T02:15:08.319359Z,price_change,0.6000,SELL,-7500,0.59,0.6000
2026-01-08T02:15:08.37338Z,price_change,0.6100,SELL,1,0.59,0.6000
2026-01-08T02:15:08.579782Z,price_change,0.55,BUY,80,0.59,0.6000
2026-01-08T02:15:08.607014Z,price_change,0.6100,SELL,7500,0.59,0.6000
2026-01-08T02:15:09.189835Z,price_change,0.6100,SELL,-7500,0.59,0.6000
2026-01-08T02:15:09.266421Z,price_change,0.6000,SELL,7500,0.59,0.6000
2026-01-08T02:15:09.512203Z,price_change,0.59,BUY,-467,0.58,0.6000
2026-01-08T02:15:09.512203Z,price_change,0.5900,SELL,5,0.58,0.5900
1767838509,last_trade_price,0.41,SELL,467,0.58,0.5900
2026-01-08T02:15:09.524107Z,price_change,0.58,BUY,-777,0.58,0.5900
2026-01-08T02:15:09.526746Z,price_change,0.6100,SELL,-722,0.58,0.5900
2026-01-08T02:15:09.538858Z,price_change,0.57,BUY,777,0.58,0.5900
2026-01-08T02:15:09.544693Z,price_change,0.6000,SELL,722,0.58,0.5900
2026-01-08T02:15:09.642216Z,price_change,0.5900,SELL,-5,0.58,0.6000
2026-01-08T02:15:09.642216Z,price_change,0.6000,SELL,-27,0.58,0.6000
1767838509,last_trade_price,0.59,BUY,5,0.58,0.6000
1767838509,last_trade_price,0.6,BUY,27,0.58,0.6000
2026-01-08T02:15:09.796617Z,price_change,0.6600,SELL,150,0.58,0.6000
2026-01-08T02:15:09.864287Z,price_change,0.59,BUY,150,0.59,0.6000
2026-01-08T02:15:09.87843Z,price_change,0.57,BUY,-777,0.59,0.6000
2026-01-08T02:15:09.879703Z,price_change,0.6000,SELL,-722,0.59,0.6000
2026-01-08T02:15:09.889518Z,price_change,0.58,BUY,777,0.59,0.6000
2026-01-08T02:15:09.892292Z,price_change,0.6100,SELL,722,0.59,0.6000
2026-01-08T02:15:10.648062Z,price_change,0.58,BUY,10,0.59,0.6000
2026-01-08T02:15:11.271367Z,price_change,0.6900,SELL,-396,0.59,0.6000
2026-01-08T02:15:11.273914Z,price_change,0.8400,SELL,393,0.59,0.6000
2026-01-08T02:15:11.550169Z,price_change,0.6000,SELL,-29,0.59,0.6000
1767838511,last_trade_price,0.6,BUY,29,0.59,0.6000
2026-01-08T02:15:13.485171Z,price_change,0.57,BUY,200,0.59,0.6000
2026-01-08T02:15:13.562805Z,price_change,0.6300,SELL,300,0.59,0.6000
2026-01-08T02:15:13.563926Z,price_change,0.55,BUY,125,0.59,0.6000
2026-01-08T02:15:13.902579Z,price_change,0.6000,SELL,-100,0.59,0.6000
1767838513,last_trade_price,0.6,BUY,100,0.59,0.6000
2026-01-08T02:15:13.931036Z,price_change,0.6000,SELL,-7500,0.59,0.6000
2026-01-08T02:15:13.956405Z,price_change,0.6100,SELL,7500,0.59,0.6000
2026-01-08T02:15:16.434958Z,price_change,0.6000,SELL,25,0.59,0.6000
2026-01-08T02:15:16.547027Z,price_change,0.55,BUY,-125,0.59,0.6000
2026-01-08T02:15:16.548579Z,price_change,0.6300,SELL,-300,0.59,0.6000
2026-01-08T02:15:16.599451Z,price_change,0.55,BUY,125,0.59,0.6000
2026-01-08T02:15:16.600159Z,price_change,0.6200,SELL,300,0.59,0.6000
2026-01-08T02:15:16.622147Z,price_change,0.55,BUY,162,0.59,0.6000
2026-01-08T02:15:16.859908Z,price_change,0.53,BUY,-25,0.59,0.6000
2026-01-08T02:15:16.916848Z,price_change,0.53,BUY,-2358,0.59,0.6000
2026-01-08T02:15:17.313075Z,price_change,0.6000,SELL,-7,0.59,0.6000
2026-01-08T02:15:17.313075Z,price_change,0.6000,SELL,-25,0.59,0.6100
2026-01-08T02:15:17.313075Z,price_change,0.6100,SELL,-55,0.59,0.6100
1767838517,last_trade_price,0.6,BUY,7,0.59,0.6100
1767838517,last_trade_price,0.6,BUY,25,0.59,0.6100
1767838517,last_trade_price,0.61,BUY,55,0.59,0.6100
2026-01-08T02:15:17.527905Z,price_change,0.6100,SELL,465,0.59,0.6100
2026-01-08T02:15:17.566515Z,price_change,0.6100,SELL,50,0.59,0.6100
2026-01-08T02:15:18.262935Z,price_change,0.59,BUY,-55,0.59,0.6100
1767838518,last_trade_price,0.41,SELL,55,0.59,0.6100
2026-01-08T02:15:18.29823Z,price_change,0.6100,SELL,-50,0.59,0.6100
2026-01-08T02:15:19.087105Z,price_change,0.6100,SELL,-79,0.59,0.6100
1767838519,last_trade_price,0.61,BUY,79,0.59,0.6100
2026-01-08T02:15:20.818282Z,price_change,0.59,BUY,-2,0.59,0.6100
1767838520,last_trade_price,0.41,SELL,2,0.59,0.6100
2026-01-08T02:15:21.286817Z,price_change,0.6100,SELL,-325,0.59,0.6100
1767838521,last_trade_price,0.61,BUY,325,0.59,0.6100
2026-01-08T02:15:21.611207Z,price_change,0.6700,SELL,691,0.59,0.6100
2026-01-08T02:15:21.617326Z,price_change,0.5,BUY,691,0.59,0.6100
2026-01-08T02:15:22.145753Z,price_change,0.55,BUY,-80,0.59,0.6100
2026-01-08T02:15:22.148247Z,price_change,0.55,BUY,-162,0.59,0.6100
2026-01-08T02:15:24.000191Z,price_change,0.5,BUY,-691,0.59,0.6100
2026-01-08T02:15:24.000191Z,price_change,0.6700,SELL,-691,0.59,0.6100
2026-01-08T02:15:24.416076Z,price_change,0.6100,SELL,-465,0.59,0.6100
2026-01-08T02:15:24.636066Z,price_change,0.57,BUY,465,0.59,0.6100
2026-01-08T02:15:24.64408Z,price_change,0.57,BUY,-2000,0.59,0.6100
2026-01-08T02:15:24.64571Z,price_change,0.7000,SELL,-2000,0.59,0.6100
2026-01-08T02:15:24.648335Z,price_change,0.6800,SELL,-690,0.59,0.6100
2026-01-08T02:15:24.810438Z,price_change,0.6100,SELL,-158,0.59,0.6100
1767838524,last_trade_price,0.61,BUY,158,0.59,0.6100
2026-01-08T02:15:25.534849Z,price_change,0.6200,SELL,465,0.59,0.6100
2026-01-08T02:15:25.97485Z,price_change,0.52,BUY,2000,0.59,0.6100
2026-01-08T02:15:25.976295Z,price_change,0.6800,SELL,2000,0.59,0.6100
2026-01-08T02:15:26.093905Z,price_change,0.59,BUY,-59,0.59,0.6100
1767838526,last_trade_price,0.41,SELL,59,0.59,0.6100
2026-01-08T02:15:26.183908Z,price_change,0.53,BUY,-325,0.59,0.6100
2026-01-08T02:15:26.846513Z,price_change,0.52,BUY,-2000,0.59,0.6100
2026-01-08T02:15:26.848045Z,price_change,0.6800,SELL,-2000,0.59,0.6100
2026-01-08T02:15:27.364733Z,price_change,0.56,BUY,2589,0.59,0.6100
2026-01-08T02:15:27.449804Z,price_change,0.55,BUY,-125,0.59,0.6100
2026-01-08T02:15:27.451413Z,price_change,0.6200,SELL,-300,0.59,0.6100
2026-01-08T02:15:27.514426Z,price_change,0.6100,SELL,300,0.59,0.6100
2026-01-08T02:15:27.698935Z,price_change,0.56,BUY,27,0.59,0.6100
2026-01-08T02:15:27.803973Z,price_change,0.55,BUY,125,0.59,0.6100
2026-01-08T02:15:27.808791Z,price_change,0.6600,SELL,76,0.59,0.6100
2026-01-08T02:15:27.852125Z,price_change,0.6,BUY,150,0.6,0.6100
2026-01-08T02:15:27.896791Z,price_change,0.58,BUY,-777,0.6,0.6100
2026-01-08T02:15:27.897916Z,price_change,0.6100,SELL,-722,0.6,0.6100
2026-01-08T02:15:27.909884Z,price_change,0.59,BUY,777,0.6,0.6100
2026-01-08T02:15:27.911393Z,price_change,0.6200,SELL,722,0.6,0.6100
2026-01-08T02:15:27.965507Z,price_change,0.6100,SELL,-1,0.6,0.6100
2026-01-08T02:15:27.981512Z,price_change,0.57,BUY,-200,0.6,0.6100
2026-01-08T02:15:28.061036Z,price_change,0.6200,SELL,-465,0.6,0.6100
2026-01-08T02:15:28.135937Z,price_change,0.57,BUY,-465,0.6,0.6100
2026-01-08T02:15:28.153416Z,price_change,0.58,BUY,-2486,0.6,0.6100
2026-01-08T02:15:28.173586Z,price_change,0.59,BUY,2500,0.6,0.6100
2026-01-08T02:15:28.185427Z,price_change,0.6100,SELL,-7500,0.6,0.6100
2026-01-08T02:15:28.20218Z,price_change,0.6100,SELL,-300,0.6,0.6100
2026-01-08T02:15:28.203729Z,price_change,0.55,BUY,-125,0.6,0.6100
2026-01-08T02:15:28.36428Z,price_change,0.6100,SELL,-3,0.6,0.6100
1767838528,last_trade_price,0.61,BUY,3,0.6,0.6100
2026-01-08T02:15:28.473867Z,price_change,0.52,BUY,2000,0.6,0.6100
2026-01-08T02:15:28.475453Z,price_change,0.6800,SELL,2000,0.6,0.6100
2026-01-08T02:15:28.823557Z,price_change,0.59,BUY,-777,0.6,0.6100
2026-01-08T02:15:28.824823Z,price_change,0.6200,SELL,-722,0.6,0.6100
2026-01-08T02:15:28.834066Z,price_change,0.58,BUY,389,0.6,0.6100
2026-01-08T02:15:28.842091Z,price_change,0.6100,SELL,1111,0.6,0.6100
2026-01-08T02:15:28.871716Z,price_change,0.59,BUY,-2500,0.6,0.6100
2026-01-08T02:15:28.872669Z,price_change,0.58,BUY,-389,0.6,0.6100
2026-01-08T02:15:28.889034Z,price_change,0.57,BUY,389,0.6,0.6100
2026-01-08T02:15:28.897155Z,price_change,0.55,BUY,2500,0.6,0.6100
2026-01-08T02:15:29.306527Z,price_change,0.6,BUY,-150,0.59,0.6100
1767838529,last_trade_price,0.4,SELL,150,0.59,0.6100
2026-01-08T02:15:29.306527Z,price_change,0.6600,SELL,-150,0.59,0.6100
2026-01-08T02:15:29.306527Z,price_change,0.59,BUY,-34,0.58,0.6100
2026-01-08T02:15:29.306527Z,price_change,0.6600,SELL,-76,0.58,0.6100
2026-01-08T02:15:29.316505Z,price_change,0.6100,SELL,-1111,0.58,0.6100
2026-01-08T02:15:29.332446Z,price_change,0.6000,SELL,1111,0.58,0.6000
2026-01-08T02:15:29.333479Z,price_change,0.55,BUY,-2500,0.58,0.6000
2026-01-08T02:15:29.365269Z,price_change,0.58,BUY,2500,0.58,0.6000
2026-01-08T02:15:29.903297Z,price_change,0.54,BUY,690,0.58,0.6000
2026-01-08T02:15:29.903998Z,price_change,0.6600,SELL,690,0.58,0.6000
2026-01-08T02:15:29.904115Z,price_change,0.6600,SELL,76,0.58,0.6000
2026-01-08T02:15:29.979952Z,price_change,0.59,BUY,150,0.59,0.6000
2026-01-08T02:15:30.001981Z,price_change,0.6400,SELL,150,0.59,0.6000
2026-01-08T02:15:30.085306Z,price_change,0.59,BUY,-150,0.58,0.6000
2026-01-08T02:15:30.087197Z,price_change,0.6600,SELL,-76,0.58,0.6000
2026-01-08T02:15:30.221951Z,price_change,0.6000,SELL,-79,0.58,0.6000
1767838530,last_trade_price,0.6,BUY,79,0.58,0.6000
2026-01-08T02:15:30.469041Z,price_change,0.52,BUY,-2000,0.58,0.6000
2026-01-08T02:15:30.47071Z,price_change,0.6800,SELL,-2000,0.58,0.6000
2026-01-08T02:15:30.47206Z,price_change,0.54,BUY,-690,0.58,0.6000
2026-01-08T02:15:30.473971Z,price_change,0.6600,SELL,-690,0.58,0.6000
2026-01-08T02:15:30.520813Z,price_change,0.59,BUY,15,0.59,0.6000
2026-01-08T02:15:30.542362Z,price_change,0.6400,SELL,-150,0.59,0.6000
2026-01-08T02:15:31.248637Z,price_change,0.59,BUY,50,0.59,0.6000
2026-01-08T02:15:31.263182Z,price_change,0.55,BUY,2000,0.59,0.6000
2026-01-08T02:15:31.264158Z,price_change,0.7100,SELL,2000,0.59,0.6000
2026-01-08T02:15:32.340719Z,price_change,0.59,BUY,-50,0.59,0.6000
2026-01-08T02:15:32.470868Z,price_change,0.58,BUY,200,0.59,0.6000
2026-01-08T02:15:32.677846Z,price_change,0.56,BUY,19,0.59,0.6000
2026-01-08T02:15:32.709558Z,price_change,0.6400,SELL,8,0.59,0.6000
2026-01-08T02:15:32.740645Z,price_change,0.57,BUY,125,0.59,0.6000
2026-01-08T02:15:32.7496Z,price_change,0.6200,SELL,300,0.59,0.6000
2026-01-08T02:15:32.781725Z,price_change,0.58,BUY,690,0.59,0.6000
2026-01-08T02:15:32.783511Z,price_change,0.6900,SELL,690,0.59,0.6000
2026-01-08T02:15:32.806094Z,price_change,0.59,BUY,-15,0.58,0.6000
2026-01-08T02:15:33.028642Z,price_change,0.55,BUY,-2000,0.58,0.6000
2026-01-08T02:15:33.030144Z,price_change,0.7100,SELL,-2000,0.58,0.6000
2026-01-08T02:15:33.031616Z,price_change,0.58,BUY,-690,0.58,0.6000
2026-01-08T02:15:33.032955Z,price_change,0.6900,SELL,-690,0.58,0.6000
2026-01-08T02:15:33.106843Z,price_change,0.6000,SELL,-39,0.58,0.6000
1767838533,last_trade_price,0.6,BUY,39,0.58,0.6000
2026-01-08T02:15:33.374919Z,price_change,0.56,BUY,-19,0.58,0.6000
2026-01-08T02:15:33.447483Z,price_change,0.6000,SELL,-40,0.58,0.6000
1767838533,last_trade_price,0.6,BUY,40,0.58,0.6000
2026-01-08T02:15:33.575043Z,price_change,0.6200,SELL,467,0.58,0.6000
2026-01-08T02:15:33.643662Z,price_change,0.59,BUY,15,0.59,0.6000
2026-01-08T02:15:33.697872Z,price_change,0.7300,SELL,-4,0.59,0.6000
2026-01-08T02:15:33.973584Z,price_change,0.6400,SELL,-8,0.59,0.6000
2026-01-08T02:15:33.973584Z,price_change,0.59,BUY,-15,0.58,0.6000
2026-01-08T02:15:34.710877Z,price_change,0.51,BUY,2000,0.58,0.6000
2026-01-08T02:15:34.711753Z,price_change,0.6600,SELL,2000,0.58,0.6000
2026-01-08T02:15:34.713165Z,price_change,0.58,BUY,-200,0.58,0.6000
2026-01-08T02:15:34.713951Z,price_change,0.6200,SELL,200,0.58,0.6000
2026-01-08T02:15:34.745137Z,price_change,0.57,BUY,200,0.58,0.6000
2026-01-08T02:15:35.131172Z,price_change,0.6000,SELL,2,0.58,0.6000
2026-01-08T02:15:36.076013Z,price_change,0.53,BUY,690,0.58,0.6000
2026-01-08T02:15:36.077152Z,price_change,0.6400,SELL,690,0.58,0.6000
2026-01-08T02:15:36.302636Z,price_change,0.6000,SELL,-15,0.58,0.6000
1767838536,last_trade_price,0.6,BUY,15,0.58,0.6000
2026-01-08T02:15:37.103353Z,price_change,0.6000,SELL,7,0.58,0.6000
2026-01-08T02:15:37.501996Z,price_change,0.56,BUY,-2589,0.58,0.6000
2026-01-08T02:15:37.565221Z,price_change,0.56,BUY,-27,0.58,0.6000
2026-01-08T02:15:37.861273Z,price_change,0.47,BUY,691,0.58,0.6000
2026-01-08T02:15:37.886599Z,price_change,0.6700,SELL,691,0.58,0.6000
2026-01-08T02:15:38.291899Z,price_change,0.6000,SELL,7500,0.58,0.6000
2026-01-08T02:15:38.482578Z,price_change,0.6000,SELL,-45,0.58,0.6000
1767838538,last_trade_price,0.6,BUY,45,0.58,0.6000
2026-01-08T02:15:39.681531Z,price_change,0.6000,SELL,-40,0.58,0.6000
1767838539,last_trade_price,0.6,BUY,40,0.58,0.6000
2026-01-08T02:15:40.000212Z,price_change,0.6700,SELL,-691,0.58,0.6000
2026-01-08T02:15:40.000212Z,price_change,0.47,BUY,-691,0.58,0.6000
2026-01-08T02:15:40.680276Z,price_change,0.57,BUY,270,0.58,0.6000
2026-01-08T02:15:41.005851Z,price_change,0.6000,SELL,-48,0.58,0.6000
1767838541,last_trade_price,0.6,BUY,48,0.58,0.6000
2026-01-08T02:15:41.341097Z,price_change,0.57,BUY,50,0.58,0.6000
2026-01-08T02:15:42.090125Z,price_change,0.6000,SELL,-7,0.58,0.6000
1767838542,last_trade_price,0.6,BUY,7,0.58,0.6000
1767838542,last_trade_price,0.6,BUY,8,0.58,0.6000
2026-01-08T02:15:42.196569Z,price_change,0.6000,SELL,-8,0.58,0.6000
2026-01-08T02:15:43.64523Z,price_change,0.6100,SELL,473,0.58,0.6000
2026-01-08T02:15:43.70329Z,price_change,0.6000,SELL,1,0.58,0.6000
2026-01-08T02:15:43.829255Z,price_change,0.6000,SELL,7,0.58,0.6000
2026-01-08T02:15:43.891756Z,price_change,0.6000,SELL,-7,0.58,0.6000
2026-01-08T02:15:44.087476Z,price_change,0.6200,SELL,-467,0.58,0.6000
2026-01-08T02:15:44.156403Z,price_change,0.6100,SELL,-9380,0.58,0.6000
2026-01-08T02:15:44.550702Z,price_change,0.58,BUY,-2500,0.58,0.6000
2026-01-08T02:15:44.573313Z,price_change,0.6000,SELL,-7500,0.58,0.6000
2026-01-08T02:15:44.821715Z,price_change,0.6000,SELL,-66,0.58,0.6000
1767838544,last_trade_price,0.6,BUY,66,0.58,0.6000
2026-01-08T02:15:44.843553Z,price_change,0.8400,SELL,-393,0.58,0.6000
2026-01-08T02:15:44.847415Z,price_change,0.8100,SELL,395,0.58,0.6000
2026-01-08T02:15:45.077032Z,price_change,0.6200,SELL,-200,0.58,0.6000
2026-01-08T02:15:45.079512Z,price_change,0.57,BUY,-200,0.58,0.6000
2026-01-08T02:15:45.090622Z,price_change,0.6000,SELL,-403,0.58,0.6000
1767838545,last_trade_price,0.6,BUY,403,0.58,0.6000
2026-01-08T02:15:45.101319Z,price_change,0.6000,SELL,-321,0.58,0.6000
2026-01-08T02:15:45.105243Z,price_change,0.57,BUY,-389,0.58,0.6000
2026-01-08T02:15:45.108351Z,price_change,0.6000,SELL,200,0.58,0.6000
2026-01-08T02:15:45.110883Z,price_change,0.6100,SELL,716,0.58,0.6000
2026-01-08T02:15:45.115817Z,price_change,0.58,BUY,784,0.58,0.6000
2026-01-08T02:15:45.133427Z,price_change,0.56,BUY,200,0.58,0.6000
2026-01-08T02:15:45.178367Z,price_change,0.6000,SELL,-1,0.58,0.6000
1767838545,last_trade_price,0.6,BUY,1,0.58,0.6000
2026-01-08T02:15:45.233201Z,price_change,0.6000,SELL,-7,0.58,0.6000
2026-01-08T02:15:45.393251Z,price_change,0.57,BUY,-125,0.58,0.6000
2026-01-08T02:15:45.394857Z,price_change,0.6200,SELL,-300,0.58,0.6000
2026-01-08T02:15:45.441234Z,price_change,0.6100,SELL,300,0.58,0.6000
2026-01-08T02:15:45.442065Z,price_change,0.55,BUY,125,0.58,0.6000
2026-01-08T02:15:45.869752Z,price_change,0.58,BUY,-2500,0.58,0.6000
2026-01-08T02:15:45.888887Z,price_change,0.32,BUY,-377,0.58,0.6000
2026-01-08T02:15:45.891438Z,price_change,0.52,BUY,377,0.58,0.6000
2026-01-08T02:15:45.986901Z,price_change,0.6000,SELL,-1,0.58,0.6000
2026-01-08T02:15:45.986901Z,price_change,0.6000,SELL,-1,0.58,0.6000
2026-01-08T02:15:45.986901Z,price_change,0.6000,SELL,-36,0.58,0.6000
1767838545,last_trade_price,0.6,BUY,1,0.58,0.6000
1767838545,last_trade_price,0.6,BUY,1,0.58,0.6000
1767838545,last_trade_price,0.6,BUY,36,0.58,0.6000
2026-01-08T02:15:46.013977Z,price_change,0.58,BUY,-10,0.58,0.6000
2026-01-08T02:15:46.013977Z,price_change,0.58,BUY,-9,0.58,0.6000
1767838546,last_trade_price,0.42,SELL,10,0.58,0.6000
1767838546,last_trade_price,0.42,SELL,9,0.58,0.6000
2026-01-08T02:15:46.626265Z,price_change,0.6000,SELL,-79,0.58,0.6000
1767838546,last_trade_price,0.6,BUY,79,0.58,0.6000
2026-01-08T02:15:47.045428Z,price_change,0.6000,SELL,16,0.58,0.6000
2026-01-08T02:15:47.24548Z,price_change,0.6000,SELL,-40,0.58,0.6000
1767838547,last_trade_price,0.6,BUY,40,0.58,0.6000
2026-01-08T02:15:47.411407Z,price_change,0.6000,SELL,-45,0.58,0.6000
2026-01-08T02:15:47.430643Z,price_change,0.56,BUY,-200,0.58,0.6000
2026-01-08T02:15:47.458815Z,price_change,0.57,BUY,200,0.58,0.6000
2026-01-08T02:15:47.643333Z,price_change,0.58,BUY,-775,0.57,0.6000
2026-01-08T02:15:47.644298Z,price_change,0.6100,SELL,-716,0.57,0.6000
2026-01-08T02:15:47.656809Z,price_change,0.56,BUY,747,0.57,0.6000
2026-01-08T02:15:47.658162Z,price_change,0.6000,SELL,753,0.57,0.6000
2026-01-08T02:15:47.668258Z,price_change,0.54,BUY,217,0.57,0.6000
2026-01-08T02:15:47.670741Z,price_change,0.56,BUY,-747,0.57,0.6000
2026-01-08T02:15:47.682246Z,price_change,0.57,BUY,747,0.57,0.6000
2026-01-08T02:15:47.684431Z,price_change,0.54,BUY,-217,0.57,0.6000
2026-01-08T02:15:47.730677Z,price_change,0.6000,SELL,1,0.57,0.6000
2026-01-08T02:15:47.739624Z,price_change,0.57,BUY,50,0.57,0.6000
2026-01-08T02:15:47.745169Z,price_change,0.6000,SELL,-6,0.57,0.6000
1767838547,last_trade_price,0.6,BUY,6,0.57,0.6000
2026-01-08T02:15:47.891388Z,price_change,0.57,BUY,156,0.57,0.6000
2026-01-08T02:15:48.057738Z,price_change,0.57,BUY,-200,0.57,0.6000
2026-01-08T02:15:48.06018Z,price_change,0.6000,SELL,200,0.57,0.6000
2026-01-08T02:15:48.08345Z,price_change,0.6000,SELL,-1,0.57,0.6000
2026-01-08T02:15:48.089549Z,price_change,0.56,BUY,200,0.57,0.6000
2026-01-08T02:15:48.116424Z,price_change,0.6000,SELL,-10,0.57,0.6000
2026-01-08T02:15:48.116424Z,price_change,0.6000,SELL,-18,0.57,0.6000
1767838548,last_trade_price,0.6,BUY,10,0.57,0.6000
1767838548,last_trade_price,0.6,BUY,18,0.57,0.6000
2026-01-08T02:15:48.143212Z,price_change,0.57,BUY,-156,0.57,0.6000
2026-01-08T02:15:48.152286Z,price_change,0.59,BUY,2649,0.59,0.6000
2026-01-08T02:15:48.162128Z,price_change,0.57,BUY,-747,0.59,0.6000
2026-01-08T02:15:48.16473Z,price_change,0.6000,SELL,-735,0.59,0.6000
2026-01-08T02:15:48.171159Z,price_change,0.58,BUY,756,0.59,0.6000
2026-01-08T02:15:48.183841Z,price_change,0.6100,SELL,744,0.59,0.6000
2026-01-08T02:15:48.246705Z,price_change,0.57,BUY,-50,0.59,0.6000
2026-01-08T02:15:48.611442Z,price_change,0.58,BUY,2500,0.59,0.6000
2026-01-08T02:15:48.629821Z,price_change,0.6000,SELL,7500,0.59,0.6000
2026-01-08T02:15:48.692542Z,price_change,0.53,BUY,247,0.59,0.6000
2026-01-08T02:15:48.729993Z,price_change,0.6100,SELL,1,0.59,0.6000
2026-01-08T02:15:48.80875Z,price_change,0.6000,SELL,-200,0.59,0.6000
2026-01-08T02:15:48.832863Z,price_change,0.56,BUY,-200,0.59,0.6000
2026-01-08T02:15:48.861221Z,price_change,0.6000,SELL,-7500,0.59,0.6100
2026-01-08T02:15:48.892058Z,price_change,0.6100,SELL,-300,0.59,0.6100
2026-01-08T02:15:48.892927Z,price_change,0.55,BUY,-125,0.59,0.6100
2026-01-08T02:15:48.958199Z,price_change,0.57,BUY,-270,0.59,0.6100
2026-01-08T02:15:48.985244Z,price_change,0.6100,SELL,7500,0.59,0.6100
2026-01-08T02:15:49.008897Z,price_change,0.6100,SELL,-473,0.59,0.6100
2026-01-08T02:15:49.109628Z,price_change,0.58,BUY,-756,0.59,0.6100
2026-01-08T02:15:49.110703Z,price_change,0.6100,SELL,-744,0.59,0.6100
2026-01-08T02:15:49.124002Z,price_change,0.57,BUY,378,0.59,0.6100
2026-01-08T02:15:49.125227Z,price_change,0.6000,SELL,1122,0.59,0.6000
2026-01-08T02:15:49.127336Z,price_change,0.58,BUY,-2500,0.59,0.6000
2026-01-08T02:15:49.171449Z,price_change,0.6000,SELL,28,0.59,0.6000
2026-01-08T02:15:49.509974Z,price_change,0.6000,SELL,-241,0.59,0.6000
1767838549,last_trade_price,0.6,BUY,241,0.59,0.6000
2026-01-08T02:15:49.531914Z,price_change,0.57,BUY,2500,0.59,0.6000
2026-01-08T02:15:49.891506Z,price_change,0.6000,SELL,-80,0.59,0.6000
1767838549,last_trade_price,0.6,BUY,80,0.59,0.6000
2026-01-08T02:15:49.921437Z,price_change,0.57,BUY,-2500,0.59,0.6000
2026-01-08T02:15:49.93906Z,price_change,0.56,BUY,2500,0.59,0.6000
2026-01-08T02:15:49.991973Z,price_change,0.6000,SELL,-405,0.59,0.6000
1767838549,last_trade_price,0.6,BUY,405,0.59,0.6000
2026-01-08T02:15:50.001203Z,price_change,0.6000,SELL,-396,0.59,0.6000
2026-01-08T02:15:50.00567Z,price_change,0.57,BUY,-378,0.59,0.6000
2026-01-08T02:15:50.011232Z,price_change,0.6100,SELL,759,0.59,0.6000
2026-01-08T02:15:50.016209Z,price_change,0.58,BUY,741,0.59,0.6000
2026-01-08T02:15:50.211616Z,price_change,0.56,BUY,-2500,0.59,0.6000
2026-01-08T02:15:50.307799Z,price_change,0.59,BUY,-2649,0.58,0.6000
2026-01-08T02:15:50.318066Z,price_change,0.58,BUY,-741,0.57,0.6000
2026-01-08T02:15:50.320839Z,price_change,0.6100,SELL,-759,0.57,0.6000
2026-01-08T02:15:50.326093Z,price_change,0.57,BUY,741,0.57,0.6000
2026-01-08T02:15:50.328914Z,price_change,0.54,BUY,500,0.57,0.6000
2026-01-08T02:15:50.329581Z,price_change,0.57,BUY,-741,0.57,0.6000
2026-01-08T02:15:50.331425Z,price_change,0.6000,SELL,759,0.57,0.6000
2026-01-08T02:15:50.341115Z,price_change,0.57,BUY,741,0.57,0.6000
2026-01-08T02:15:50.344234Z,price_change,0.57,BUY,-741,0.57,0.6000
2026-01-08T02:15:50.347702Z,price_change,0.54,BUY,-500,0.57,0.6000
2026-01-08T02:15:50.347702Z,price_change,0.53,BUY,271,0.57,0.6000
2026-01-08T02:15:50.35898Z,price_change,0.57,BUY,741,0.57,0.6000
2026-01-08T02:15:50.360847Z,price_change,0.53,BUY,-271,0.57,0.6000
2026-01-08T02:15:50.362156Z,price_change,0.57,BUY,-741,0.57,0.6000
2026-01-08T02:15:50.374708Z,price_change,0.53,BUY,2302,0.57,0.6000
2026-01-08T02:15:50.376859Z,price_change,0.53,BUY,500,0.57,0.6000
2026-01-08T02:15:50.376933Z,price_change,0.57,BUY,741,0.57,0.6000
2026-01-08T02:15:50.382142Z,price_change,0.57,BUY,-741,0.57,0.6000
2026-01-08T02:15:50.389195Z,price_change,0.53,BUY,-500,0.57,0.6000
2026-01-08T02:15:50.389195Z,price_change,0.54,BUY,500,0.57,0.6000
2026-01-08T02:15:50.390961Z,price_change,0.57,BUY,741,0.57,0.6000
2026-01-08T02:15:50.393495Z,price_change,0.57,BUY,-741,0.57,0.6000
2026-01-08T02:15:50.408867Z,price_change,0.57,BUY,741,0.57,0.6000
2026-01-08T02:15:50.413183Z,price_change,0.58,BUY,2500,0.58,0.6000
2026-01-08T02:15:50.414282Z,price_change,0.57,BUY,7,0.58,0.6000
2026-01-08T02:15:50.417258Z,price_change,0.57,BUY,50,0.58,0.6000
2026-01-08T02:15:50.428614Z,price_change,0.54,BUY,-500,0.58,0.6000
2026-01-08T02:15:50.503661Z,price_change,0.58,BUY,-2500,0.57,0.6000
2026-01-08T02:15:50.506245Z,price_change,0.57,BUY,-50,0.57,0.6000
2026-01-08T02:15:50.556925Z,price_change,0.58,BUY,10,0.58,0.6000
2026-01-08T02:15:50.662802Z,price_change,0.57,BUY,-7,0.58,0.6000
2026-01-08T02:15:51.056317Z,price_change,0.56,BUY,200,0.58,0.6000
2026-01-08T02:15:51.05771Z,price_change,0.6000,SELL,200,0.58,0.6000
2026-01-08T02:15:51.07559Z,price_change,0.58,BUY,50,0.58,0.6000
2026-01-08T02:15:51.086443Z,price_change,0.56,BUY,2500,0.58,0.6000
2026-01-08T02:15:51.167004Z,price_change,0.6000,SELL,-11,0.58,0.6000
2026-01-08T02:15:51.184544Z,price_change,0.56,BUY,-2500,0.58,0.6000
2026-01-08T02:15:51.431155Z,price_change,0.6100,SELL,300,0.58,0.6000
2026-01-08T02:15:51.433797Z,price_change,0.55,BUY,125,0.58,0.6000
2026-01-08T02:15:51.521648Z,price_change,0.57,BUY,2500,0.58,0.6000
2026-01-08T02:15:51.632903Z,price_change,0.57,BUY,-2500,0.58,0.6000
2026-01-08T02:15:51.64122Z,price_change,0.6100,SELL,-7500,0.58,0.6000
2026-01-08T02:15:51.687876Z,price_change,0.6300,SELL,473,0.58,0.6000
2026-01-08T02:15:52.085669Z,price_change,0.6000,SELL,3,0.58,0.6000
2026-01-08T02:15:52.12066Z,price_change,0.57,BUY,-741,0.58,0.6000
2026-01-08T02:15:52.122018Z,price_change,0.6000,SELL,-759,0.58,0.6000
2026-01-08T02:15:52.134464Z,price_change,0.58,BUY,741,0.58,0.6000
2026-01-08T02:15:52.135973Z,price_change,0.6100,SELL,759,0.58,0.6000
2026-01-08T02:15:52.578221Z,price_change,0.6000,SELL,-17,0.58,0.6000
2026-01-08T02:15:52.578221Z,price_change,0.6000,SELL,-13,0.58,0.6000
1767838552,last_trade_price,0.6,BUY,17,0.58,0.6000
1767838552,last_trade_price,0.6,BUY,13,0.58,0.6000
2026-01-08T02:15:53.153234Z,price_change,0.56,BUY,27,0.58,0.6000
2026-01-08T02:15:53.258179Z,price_change,0.6000,SELL,-187,0.58,0.6000
2026-01-08T02:15:53.28142Z,price_change,0.56,BUY,-200,0.58,0.6000
2026-01-08T02:15:53.287935Z,price_change,0.6500,SELL,200,0.58,0.6000
2026-01-08T02:15:53.311728Z,price_change,0.58,BUY,200,0.58,0.6000
2026-01-08T02:15:53.468065Z,price_change,0.55,BUY,-125,0.58,0.6000
2026-01-08T02:15:53.47Z,price_change,0.6100,SELL,-300,0.58,0.6000
2026-01-08T02:15:53.526478Z,price_change,0.6500,SELL,300,0.58,0.6000
2026-01-08T02:15:53.527617Z,price_change,0.59,BUY,125,0.59,0.6000
2026-01-08T02:15:53.622304Z,price_change,0.58,BUY,-200,0.59,0.6000
2026-01-08T02:15:53.628341Z,price_change,0.58,BUY,-50,0.59,0.6000
2026-01-08T02:15:53.642614Z,price_change,0.6000,SELL,6,0.59,0.6000
2026-01-08T02:15:53.646755Z,price_change,0.6000,SELL,-3,0.59,0.6000
2026-01-08T02:15:53.646755Z,price_change,0.6000,SELL,-6,0.59,0.6100
2026-01-08T02:15:53.646755Z,price_change,0.6,BUY,4991,0.6,0.6100
1767838553,last_trade_price,0.6,BUY,3,0.6,0.6100
1767838553,last_trade_price,0.6,BUY,6,0.6,0.6100
2026-01-08T02:15:53.648886Z,price_change,0.54,BUY,500,0.6,0.6100
2026-01-08T02:15:53.652284Z,price_change,0.59,BUY,200,0.6,0.6100
2026-01-08T02:15:53.658106Z,price_change,0.5,BUY,691,0.6,0.6100
2026-01-08T02:15:53.660669Z,price_change,0.6700,SELL,691,0.6,0.6100
2026-01-08T02:15:53.671267Z,price_change,0.54,BUY,-500,0.6,0.6100
2026-01-08T02:15:53.673509Z,price_change,0.6,BUY,5000,0.6,0.6100
2026-01-08T02:15:53.723361Z,price_change,0.6500,SELL,-300,0.6,0.6100
2026-01-08T02:15:53.725057Z,price_change,0.59,BUY,-125,0.6,0.6100
2026-01-08T02:15:53.771374Z,price_change,0.6500,SELL,300,0.6,0.6100
2026-01-08T02:15:53.773078Z,price_change,0.6,BUY,125,0.6,0.6100
2026-01-08T02:15:53.78884Z,price_change,0.58,BUY,-10,0.6,0.6100
2026-01-08T02:15:53.862292Z,price_change,0.59,BUY,2500,0.6,0.6100
2026-01-08T02:15:53.862543Z,price_change,0.6100,SELL,-1,0.6,0.6100
2026-01-08T02:15:53.862543Z,price_change,0.6100,SELL,-759,0.6,0.6300
2026-01-08T02:15:53.862543Z,price_change,0.61,BUY,4240,0.61,0.6300
1767838553,last_trade_price,0.61,BUY,1,0.61,0.6300
1767838553,last_trade_price,0.61,BUY,759,0.61,0.6300
2026-01-08T02:15:53.871673Z,price_change,0.59,BUY,50,0.61,0.6300
2026-01-08T02:15:53.8735Z,price_change,0.58,BUY,-741,0.61,0.6300
2026-01-08T02:15:53.877562Z,price_change,0.6300,SELL,379,0.61,0.6300
2026-01-08T02:15:53.88914Z,price_change,0.6,BUY,1120,0.61,0.6300
2026-01-08T02:15:53.898347Z,price_change,0.51,BUY,-2000,0.61,0.6300
2026-01-08T02:15:53.899952Z,price_change,0.6600,SELL,-2000,0.61,0.6300
2026-01-08T02:15:53.901389Z,price_change,0.53,BUY,-690,0.61,0.6300
2026-01-08T02:15:53.903008Z,price_change,0.6400,SELL,-690,0.61,0.6300
2026-01-08T02:15:53.925278Z,price_change,0.6400,SELL,500,0.61,0.6300
2026-01-08T02:15:53.965876Z,price_change,0.59,BUY,-50,0.61,0.6300
2026-01-08T02:15:54.004858Z,price_change,0.61,BUY,5000,0.61,0.6300
2026-01-08T02:15:54.021901Z,price_change,0.59,BUY,-200,0.61,0.6300
2026-01-08T02:15:54.052751Z,price_change,0.6,BUY,200,0.61,0.6300
2026-01-08T02:15:54.22415Z,price_change,0.6300,SELL,73,0.61,0.6300
2026-01-08T02:15:54.301467Z,price_change,0.57,BUY,69000,0.61,0.6300
2026-01-08T02:15:54.315211Z,price_change,0.6300,SELL,-73,0.61,0.6300
2026-01-08T02:15:54.319629Z,price_change,0.53,BUY,-2302,0.61,0.6300
2026-01-08T02:15:54.377513Z,price_change,0.56,BUY,-27,0.61,0.6300
2026-01-08T02:15:54.39211Z,price_change,0.59,BUY,2649,0.61,0.6300
2026-01-08T02:15:54.403295Z,price_change,0.6400,SELL,1000,0.61,0.6300
2026-01-08T02:15:54.423165Z,price_change,0.6400,SELL,-500,0.61,0.6300
2026-01-08T02:15:54.485691Z,price_change,0.6300,SELL,1,0.61,0.6300
2026-01-08T02:15:54.615905Z,price_change,0.6,BUY,5000,0.61,0.6300
2026-01-08T02:15:54.721508Z,price_change,0.6,BUY,-4991,0.61,0.6300
2026-01-08T02:15:54.828065Z,price_change,0.61,BUY,-5000,0.61,0.6300
2026-01-08T02:15:54.837138Z,price_change,0.6300,SELL,5,0.61,0.6300
2026-01-08T02:15:54.839235Z,price_change,0.5,BUY,-1,0.61,0.6300
2026-01-08T02:15:54.839235Z,price_change,0.59,BUY,1,0.61,0.6300
2026-01-08T02:15:54.924051Z,price_change,0.6400,SELL,-1000,0.61,0.6300
2026-01-08T02:15:54.92453Z,price_change,0.61,BUY,-4240,0.6,0.6300
2026-01-08T02:15:54.946186Z,price_change,0.6400,SELL,259,0.6,0.6300
2026-01-08T02:15:55.086649Z,price_change,0.6200,SELL,48,0.6,0.6200
2026-01-08T02:15:55.136526Z,price_change,0.6,BUY,-200,0.6,0.6200
2026-01-08T02:15:55.142801Z,price_change,0.6500,SELL,-200,0.6,0.6200
2026-01-08T02:15:55.18763Z,price_change,0.6300,SELL,-5,0.6,0.6200
2026-01-08T02:15:55.257045Z,price_change,0.6200,SELL,-48,0.6,0.6300
2026-01-08T02:15:55.257045Z,price_change,0.6300,SELL,-50,0.6,0.6300
2026-01-08T02:15:55.257045Z,price_change,0.6300,SELL,-55,0.6,0.6300
1767838555,last_trade_price,0.62,BUY,48,0.6,0.6300
1767838555,last_trade_price,0.63,BUY,50,0.6,0.6300
1767838555,last_trade_price,0.63,BUY,55,0.6,0.6300
2026-01-08T02:15:55.423218Z,price_change,0.6,BUY,-125,0.6,0.6300
2026-01-08T02:15:55.424573Z,price_change,0.6500,SELL,-300,0.6,0.6300
2026-01-08T02:15:55.520909Z,price_change,0.6300,SELL,5,0.6,0.6300
2026-01-08T02:15:55.577849Z,price_change,0.6200,SELL,55,0.6,0.6200
2026-01-08T02:15:55.603562Z,price_change,0.59,BUY,-2649,0.6,0.6200
2026-01-08T02:15:55.670936Z,price_change,0.6300,SELL,-5,0.6,0.6200
2026-01-08T02:15:55.679109Z,price_change,0.56,BUY,2552,0.6,0.6200
2026-01-08T02:15:55.701001Z,price_change,0.6300,SELL,-1,0.6,0.6200
2026-01-08T02:15:55.701001Z,price_change,0.6200,SELL,1,0.6,0.6200
2026-01-08T02:15:56.000052Z,price_change,0.5,BUY,-691,0.6,0.6200
2026-01-08T02:15:56.000052Z,price_change,0.6700,SELL,-691,0.6,0.6200
2026-01-08T02:15:56.051591Z,price_change,0.6300,SELL,10,0.6,0.6200
2026-01-08T02:15:56.454648Z,price_change,0.61,BUY,28,0.61,0.6200
2026-01-08T02:15:56.763288Z,price_change,0.57,BUY,473,0.61,0.6200
2026-01-08T02:15:56.839498Z,price_change,0.6300,SELL,-418,0.61,0.6200
2026-01-08T02:15:57.001316Z,price_change,0.57,BUY,-69000,0.61,0.6200
2026-01-08T02:15:57.117208Z,price_change,0.53,BUY,-247,0.61,0.6200
2026-01-08T02:15:57.137518Z,price_change,0.6400,SELL,-100,0.61,0.6200
2026-01-08T02:15:57.269024Z,price_change,0.6,BUY,-1120,0.61,0.6200
2026-01-08T02:15:57.270043Z,price_change,0.6300,SELL,-379,0.61,0.6200
2026-01-08T02:15:57.277235Z,price_change,0.6400,SELL,-159,0.61,0.6200
2026-01-08T02:15:57.277235Z,price_change,0.6700,SELL,379,0.61,0.6200
2026-01-08T02:15:57.283866Z,price_change,0.61,BUY,1120,0.61,0.6200
2026-01-08T02:15:57.285172Z,price_change,0.6500,SELL,379,0.61,0.6200
2026-01-08T02:15:57.2909Z,price_change,0.6700,SELL,-379,0.61,0.6200
2026-01-08T02:15:57.291677Z,price_change,0.6500,SELL,-379,0.61,0.6200
2026-01-08T02:15:57.305804Z,price_change,0.6500,SELL,379,0.61,0.6200
2026-01-08T02:15:57.390695Z,price_change,0.61,BUY,-28,0.61,0.6200
2026-01-08T02:15:57.390695Z,price_change,0.61,BUY,-58,0.61,0.6200
1767838557,last_trade_price,0.39,SELL,28,0.61,0.6200
1767838557,last_trade_price,0.39,SELL,58,0.61,0.6200
2026-01-08T02:15:57.398251Z,price_change,0.6200,SELL,-55,0.61,0.6200
2026-01-08T02:15:57.413775Z,price_change,0.56,BUY,-2552,0.61,0.6200
2026-01-08T02:15:57.483539Z,price_change,0.61,BUY,2779,0.61,0.6200
2026-01-08T02:15:57.523856Z,price_change,0.6500,SELL,-379,0.61,0.6200
2026-01-08T02:15:57.534933Z,price_change,0.6400,SELL,408,0.61,0.6200
2026-01-08T02:15:57.553129Z,price_change,0.6800,SELL,421,0.61,0.6200
2026-01-08T02:15:57.688544Z,price_change,0.61,BUY,-30,0.61,0.6200
1767838557,last_trade_price,0.39,SELL,30,0.61,0.6200
2026-01-08T02:15:57.720261Z,price_change,0.61,BUY,50,0.61,0.6200
2026-01-08T02:15:57.729509Z,price_change,0.6200,SELL,-1,0.61,0.6300
2026-01-08T02:15:57.729509Z,price_change,0.6500,SELL,1,0.61,0.6300
2026-01-08T02:15:57.78752Z,price_change,0.6800,SELL,-13,0.61,0.6300
2026-01-08T02:15:57.79534Z,price_change,0.61,BUY,-1032,0.61,0.6300
2026-01-08T02:15:57.796725Z,price_change,0.6400,SELL,-408,0.61,0.6300
2026-01-08T02:15:57.804145Z,price_change,0.6800,SELL,-408,0.61,0.6300
2026-01-08T02:15:57.808976Z,price_change,0.61,BUY,1076,0.61,0.6300
2026-01-08T02:15:57.813846Z,price_change,0.6400,SELL,423,0.61,0.6300
2026-01-08T02:15:57.815189Z,price_change,0.61,BUY,-1076,0.61,0.6300
2026-01-08T02:15:57.816353Z,price_change,0.6400,SELL,-423,0.61,0.6300
2026-01-08T02:15:57.825079Z,price_change,0.6800,SELL,423,0.61,0.6300
2026-01-08T02:15:57.829007Z,price_change,0.61,BUY,1076,0.61,0.6300
2026-01-08T02:15:57.830258Z,price_change,0.6400,SELL,423,0.61,0.6300
2026-01-08T02:15:57.831908Z,price_change,0.61,BUY,-1076,0.61,0.6300
2026-01-08T02:15:57.833015Z,price_change,0.6400,SELL,-423,0.61,0.6300
2026-01-08T02:15:57.837664Z,price_change,0.6800,SELL,-423,0.61,0.6300
2026-01-08T02:15:57.844627Z,price_change,0.62,BUY,1076,0.62,0.6300
2026-01-08T02:15:57.845674Z,price_change,0.6500,SELL,423,0.62,0.6300
2026-01-08T02:15:57.896441Z,price_change,0.62,BUY,133,0.62,0.6300
2026-01-08T02:15:57.943501Z,price_change,0.61,BUY,-50,0.62,0.6300
2026-01-08T02:15:58.021366Z,price_change,0.6500,SELL,-423,0.62,0.6300
2026-01-08T02:15:58.034679Z,price_change,0.6600,SELL,423,0.62,0.6300
2026-01-08T02:15:58.061652Z,price_change,0.59,BUY,-2500,0.62,0.6300
2026-01-08T02:15:58.084892Z,price_change,0.43,BUY,2500,0.62,0.6300
2026-01-08T02:15:58.15146Z,price_change,0.43,BUY,-2500,0.62,0.6300
2026-01-08T02:15:58.209533Z,price_change,0.6500,SELL,-1,0.62,0.6300
2026-01-08T02:15:58.209533Z,price_change,0.6300,SELL,1,0.62,0.6300
2026-01-08T02:15:58.402594Z,price_change,0.6400,SELL,133,0.62,0.6300
2026-01-08T02:15:58.459452Z,price_change,0.58,BUY,2500,0.62,0.6300
2026-01-08T02:15:58.563749Z,price_change,0.58,BUY,-2500,0.62,0.6300
2026-01-08T02:15:58.623759Z,price_change,0.6400,SELL,10000,0.62,0.6300
2026-01-08T02:15:58.703803Z,price_change,0.6600,SELL,-423,0.62,0.6300
2026-01-08T02:15:58.719123Z,price_change,0.6500,SELL,423,0.62,0.6300
2026-01-08T02:15:58.798557Z,price_change,0.6500,SELL,-423,0.62,0.6300
2026-01-08T02:15:58.800097Z,price_change,0.59,BUY,2500,0.62,0.6300
2026-01-08T02:15:58.813258Z,price_change,0.6600,SELL,423,0.62,0.6300
2026-01-08T02:15:58.876077Z,price_change,0.6600,SELL,-423,0.62,0.6300
2026-01-08T02:15:58.88616Z,price_change,0.6500,SELL,423,0.62,0.6300
2026-01-08T02:15:59.000622Z,price_change,0.62,BUY,-133,0.62,0.6300
2026-01-08T02:15:59.000622Z,price_change,0.6400,SELL,-133,0.62,0.6300
2026-01-08T02:15:59.144269Z,price_change,0.6300,SELL,-1,0.62,0.6300
2026-01-08T02:15:59.144269Z,price_change,0.6400,SELL,4,0.62,0.6300
2026-01-08T02:15:59.211987Z,price_change,0.6,BUY,-5000,0.62,0.6300
2026-01-08T02:15:59.212755Z,price_change,0.6,BUY,-5000,0.62,0.6300
2026-01-08T02:15:59.257957Z,price_change,0.62,BUY,-1076,0.61,0.6300
2026-01-08T02:15:59.25915Z,price_change,0.6500,SELL,-423,0.61,0.6300
2026-01-08T02:15:59.269487Z,price_change,0.6,BUY,1076,0.61,0.6300
2026-01-08T02:15:59.273205Z,price_change,0.6300,SELL,423,0.61,0.6300
2026-01-08T02:15:59.357212Z,price_change,0.61,BUY,50,0.61,0.6300
2026-01-08T02:15:59.410887Z,price_change,0.6,BUY,-1076,0.61,0.6300
2026-01-08T02:15:59.412366Z,price_change,0.6300,SELL,-423,0.61,0.6300
2026-01-08T02:15:59.425078Z,price_change,0.61,BUY,1076,0.61,0.6300
2026-01-08T02:15:59.426467Z,price_change,0.6400,SELL,423,0.61,0.6300
2026-01-08T02:15:59.427671Z,price_change,0.61,BUY,-1076,0.61,0.6300
2026-01-08T02:15:59.428803Z,price_change,0.6400,SELL,-423,0.61,0.6300
2026-01-08T02:15:59.440592Z,price_change,0.62,BUY,1076,0.62,0.6300
2026-01-08T02:15:59.442998Z,price_change,0.6500,SELL,423,0.62,0.6300
2026-01-08T02:15:59.537356Z,price_change,0.61,BUY,-50,0.62,0.6300
2026-01-08T02:15:59.558657Z,price_change,0.6500,SELL,-423,0.62,0.6300
2026-01-08T02:15:59.574403Z,price_change,0.6600,SELL,423,0.62,0.6300
2026-01-08T02:15:59.674181Z,price_change,0.59,BUY,-2500,0.62,0.6300
2026-01-08T02:15:59.686016Z,price_change,0.6600,SELL,-423,0.62,0.6300
2026-01-08T02:15:59.69151Z,price_change,0.61,BUY,2500,0.62,0.6300
2026-01-08T02:15:59.696754Z,price_change,0.6500,SELL,423,0.62,0.6300
2026-01-08T02:15:59.710879Z,price_change,0.6500,SELL,-423,0.62,0.6300
2026-01-08T02:15:59.730667Z,price_change,0.6600,SELL,423,0.62,0.6300
2026-01-08T02:15:59.736822Z,price_change,0.6600,SELL,473,0.62,0.6300
2026-01-08T02:15:59.764154Z,price_change,0.6400,SELL,-4,0.62,0.6300
2026-01-08T02:15:59.764154Z,price_change,0.6300,SELL,4,0.62,0.6300
2026-01-08T02:15:59.781194Z,price_change,0.61,BUY,-2500,0.62,0.6300
2026-01-08T02:15:59.929561Z,price_change,0.6300,SELL,-10,0.62,0.6300
2026-01-08T02:15:59.929561Z,price_change,0.6300,SELL,-4,0.62,0.6400
1767838559,last_trade_price,0.63,BUY,10,0.62,0.6400
1767838559,last_trade_price,0.63,BUY,4,0.62,0.6400
2026-01-08T02:16:00.041206Z,price_change,0.62,BUY,2500,0.62,0.6400
2026-01-08T02:16:00.057478Z,price_change,0.62,BUY,-1076,0.62,0.6400
2026-01-08T02:16:00.071977Z,price_change,0.63,BUY,1076,0.63,0.6400
2026-01-08T02:16:00.086115Z,price_change,0.6600,SELL,-423,0.63,0.6400
2026-01-08T02:16:00.09889Z,price_change,0.6700,SELL,423,0.63,0.6400
2026-01-08T02:16:00.107613Z,price_change,0.6700,SELL,150,0.63,0.6400
2026-01-08T02:16:00.11031Z,price_change,0.63,BUY,150,0.63,0.6400
2026-01-08T02:16:00.199346Z,price_change,0.62,BUY,-2500,0.63,0.6400
2026-01-08T02:16:00.213411Z,price_change,0.6700,SELL,-423,0.63,0.6400
2026-01-08T02:16:00.225596Z,price_change,0.6600,SELL,423,0.63,0.6400
2026-01-08T02:16:00.380539Z,price_change,0.6400,SELL,1,0.63,0.6400
2026-01-08T02:16:00.448741Z,price_change,0.6,BUY,2500,0.63,0.6400
2026-01-08T02:16:00.609992Z,price_change,0.6,BUY,2000,0.63,0.6400
2026-01-08T02:16:00.611534Z,price_change,0.7100,SELL,2000,0.63,0.6400
2026-01-08T02:16:00.738395Z,price_change,0.6500,SELL,200,0.63,0.6400
2026-01-08T02:16:00.73871Z,price_change,0.61,BUY,200,0.63,0.6400
2026-01-08T02:16:00.766641Z,price_change,0.6,BUY,-2500,0.63,0.6400
2026-01-08T02:16:00.789741Z,price_change,0.63,BUY,2500,0.63,0.6400
2026-01-08T02:16:00.827516Z,price_change,0.6400,SELL,-5000,0.63,0.6400
1767838560,last_trade_price,0.64,BUY,5000,0.63,0.6400
2026-01-08T02:16:00.871294Z,price_change,0.6,BUY,-2000,0.63,0.6400
2026-01-08T02:16:00.872783Z,price_change,0.7100,SELL,-2000,0.63,0.6400
2026-01-08T02:16:00.949357Z,price_change,0.6400,SELL,-5000,0.63,0.6400
1767838560,last_trade_price,0.64,BUY,5000,0.63,0.6400
2026-01-08T02:16:00.971049Z,price_change,0.6600,SELL,300,0.63,0.6400
2026-01-08T02:16:00.975402Z,price_change,0.6,BUY,125,0.63,0.6400
2026-01-08T02:16:01.094348Z,price_change,0.6400,SELL,-1,0.63,0.6500
2026-01-08T02:16:01.094348Z,price_change,0.64,BUY,4999,0.64,0.6500
1767838561,last_trade_price,0.64,BUY,1,0.64,0.6500
2026-01-08T02:16:01.104506Z,price_change,0.63,BUY,-1076,0.64,0.6500
2026-01-08T02:16:01.107378Z,price_change,0.6600,SELL,-423,0.64,0.6500
2026-01-08T02:16:01.121563Z,price_change,0.64,BUY,1076,0.64,0.6500
2026-01-08T02:16:01.125912Z,price_change,0.6700,SELL,423,0.64,0.6500
2026-01-08T02:16:01.197985Z,price_change,0.64,BUY,5000,0.64,0.6500
2026-01-08T02:16:01.213343Z,price_change,0.6500,SELL,-50,0.64,0.6500
2026-01-08T02:16:01.213343Z,price_change,0.6500,SELL,-200,0.64,0.6600
1767838561,last_trade_price,0.65,BUY,50,0.64,0.6600
1767838561,last_trade_price,0.65,BUY,200,0.64,0.6600
2026-01-08T02:16:01.236656Z,price_change,0.63,BUY,-2500,0.64,0.6600
2026-01-08T02:16:01.269383Z,price_change,0.64,BUY,69000,0.64,0.6600
2026-01-08T02:16:01.284459Z,price_change,0.64,BUY,2500,0.64,0.6600
2026-01-08T02:16:01.313477Z,price_change,0.6600,SELL,50,0.64,0.6600
2026-01-08T02:16:01.318359Z,price_change,0.64,BUY,5000,0.64,0.6600
2026-01-08T02:16:01.449617Z,price_change,0.6600,SELL,1,0.64,0.6600
2026-01-08T02:16:01.530564Z,price_change,0.6600,SELL,200,0.64,0.6600
2026-01-08T02:16:01.669791Z,price_change,0.65,BUY,5000,0.65,0.6600
2026-01-08T02:16:01.682931Z,price_change,0.64,BUY,-1076,0.65,0.6600
2026-01-08T02:16:01.685666Z,price_change,0.6700,SELL,-423,0.65,0.6600
2026-01-08T02:16:01.6974Z,price_change,0.65,BUY,960,0.65,0.6600
2026-01-08T02:16:01.699895Z,price_change,0.6800,SELL,539,0.65,0.6600
2026-01-08T02:16:01.715637Z,price_change,0.6600,SELL,-473,0.65,0.6600
2026-01-08T02:16:01.973702Z,price_change,0.65,BUY,-205,0.65,0.6600
1767838561,last_trade_price,0.35,SELL,205,0.65,0.6600
2026-01-08T02:16:01.991075Z,price_change,0.6,BUY,-125,0.65,0.6600
2026-01-08T02:16:01.992543Z,price_change,0.6600,SELL,-300,0.65,0.6600
2026-01-08T02:16:01.995529Z,price_change,0.64,BUY,-2500,0.65,0.6600
2026-01-08T02:16:02.024637Z,price_change,0.65,BUY,2500,0.65,0.6600
2026-01-08T02:16:02.031762Z,price_change,0.6600,SELL,-1,0.65,0.6600
2026-01-08T02:16:02.031762Z,price_change,0.6900,SELL,1,0.65,0.6600
2026-01-08T02:16:02.241795Z,price_change,0.61,BUY,-200,0.65,0.6600
2026-01-08T02:16:02.245189Z,price_change,0.6600,SELL,-200,0.65,0.6600
2026-01-08T02:16:02.507757Z,price_change,0.64,BUY,-4999,0.65,0.6600
2026-01-08T02:16:02.602017Z,price_change,0.65,BUY,-4795,0.65,0.6600
2026-01-08T02:16:02.801717Z,price_change,0.64,BUY,-5000,0.65,0.6600
2026-01-08T02:16:02.899829Z,price_change,0.64,BUY,-5000,0.65,0.6600
2026-01-08T02:16:03.039218Z,price_change,0.64,BUY,31,0.65,0.6600
2026-01-08T02:16:03.043886Z,price_change,0.61,BUY,-2779,0.65,0.6600
2026-01-08T02:16:03.118487Z,price_change,0.64,BUY,3006,0.65,0.6600
2026-01-08T02:16:03.456194Z,price_change,0.6900,SELL,-1,0.65,0.6600
2026-01-08T02:16:03.53524Z,price_change,0.6600,SELL,-7,0.65,0.6600
1767838563,last_trade_price,0.66,BUY,7,0.65,0.6600
2026-01-08T02:16:03.909033Z,price_change,0.64,BUY,-3006,0.65,0.6600
2026-01-08T02:16:03.982301Z,price_change,0.63,BUY,2940,0.65,0.6600
2026-01-08T02:16:04.000123Z,price_change,0.64,BUY,-69000,0.65,0.6600
