timestamp,event_type,price,side,size,best_bid,best_ask
,book,0.7200,BUY,600,0.7200,0.73
,book,0.73,SELL,200,0.7200,0.73
2026-01-03T20:48:20.328964Z,price_change,0.74,SELL,-5,0.72,0.73
2026-01-03T20:48:20.34003Z,price_change,0.74,SELL,-2,0.72,0.73
2026-01-03T20:48:24.259905Z,price_change,0.71,BUY,-67,0.72,0.73
2026-01-03T20:48:30.559091Z,price_change,0.41,BUY,161,0.72,0.73
2026-01-03T20:49:13.839464Z,price_change,0.72,BUY,-20,0.72,0.73
2026-01-03T20:49:31.016524Z,price_change,0.72,BUY,-2,0.72,0.73
2026-01-03T20:49:31.12552Z,price_change,0.41,BUY,-161,0.72,0.73
2026-01-03T20:49:31.12799Z,price_change,0.4,BUY,-645,0.72,0.73
2026-01-03T20:49:31.12922Z,price_change,0.39,BUY,666,0.72,0.73
2026-01-03T20:49:33.001174Z,price_change,0.77,SELL,-1400,0.72,0.73
2026-01-03T20:49:33.001174Z,price_change,0.72,BUY,-578,0.71,0.73
2026-01-03T20:49:44.609728Z,price_change,0.73,SELL,-1,0.71,0.73
2026-01-03T20:49:48.285874Z,price_change,0.71,BUY,-1,0.71,0.73
2026-01-03T20:49:50.690811Z,price_change,0.7,BUY,67,0.71,0.73
2026-01-03T20:49:54.488836Z,price_change,0.73,SELL,-15,0.71,0.73
2026-01-03T20:49:54.662891Z,price_change,0.74,SELL,-1,0.71,0.73
2026-01-03T20:49:54.662891Z,price_change,0.73,SELL,1,0.71,0.73
2026-01-03T20:49:54.863657Z,price_change,0.74,SELL,-1,0.71,0.73
2026-01-03T20:49:54.863657Z,price_change,0.73,SELL,1,0.71,0.73
2026-01-03T20:50:00.00401Z,price_change,0.05,BUY,-120,0.71,0.73
2026-01-03T20:50:01.758754Z,price_change,0.73,SELL,-20,0.71,0.73
2026-01-03T20:50:02.015746Z,price_change,0.66,BUY,-2222,0.71,0.73
2026-01-03T20:50:02.017007Z,price_change,0.8,SELL,-2222,0.71,0.73
2026-01-03T20:50:02.018445Z,price_change,0.67,BUY,-690,0.71,0.73
2026-01-03T20:50:02.019728Z,price_change,0.79,SELL,-690,0.71,0.73
2026-01-03T20:50:05.096662Z,price_change,0.63,BUY,2222,0.71,0.73
2026-01-03T20:50:05.097933Z,price_change,0.79,SELL,2222,0.71,0.73
2026-01-03T20:50:05.44211Z,price_change,0.73,SELL,-28,0.71,0.73
2026-01-03T20:50:09.974617Z,price_change,0.64,BUY,690,0.71,0.73
2026-01-03T20:50:09.976084Z,price_change,0.78,SELL,690,0.71,0.73
2026-01-03T20:50:19.986639Z,price_change,0.71,BUY,-130,0.71,0.73
2026-01-03T20:50:19.987648Z,price_change,0.76,SELL,-69,0.71,0.73
2026-01-03T20:50:19.996531Z,price_change,0.68,BUY,65,0.71,0.73
2026-01-03T20:50:20.000267Z,price_change,0.73,SELL,134,0.71,0.73
2026-01-03T20:50:28.237311Z,price_change,0.39,BUY,-666,0.71,0.73
2026-01-03T20:50:28.239918Z,price_change,0.41,BUY,628,0.71,0.73
2026-01-03T20:50:28.24123Z,price_change,0.42,BUY,183,0.71,0.73
2026-01-03T20:50:28.595124Z,price_change,0.73,SELL,-3,0.71,0.73
2026-01-03T20:50:38.977645Z,price_change,0.73,SELL,-1,0.71,0.73
2026-01-03T20:50:53.848965Z,price_change,0.72,SELL,4000,0.71,0.72
2026-01-03T20:50:53.851444Z,price_change,0.64,BUY,3000,0.71,0.72
2026-01-03T20:50:53.852605Z,price_change,0.69,BUY,1000,0.71,0.72
2026-01-03T20:50:53.853354Z,price_change,0.1,BUY,18000,0.71,0.72
2026-01-03T20:50:53.853462Z,price_change,0.45,BUY,8000,0.71,0.72
2026-01-03T20:50:53.853529Z,price_change,0.89,SELL,8000,0.71,0.72
2026-01-03T20:50:53.853578Z,price_change,0.73,SELL,4000,0.71,0.72
2026-01-03T20:50:53.854171Z,price_change,0.41,BUY,4000,0.71,0.72
2026-01-03T20:50:53.854224Z,price_change,0.72,SELL,4000,0.71,0.72
2026-01-03T20:50:53.854671Z,price_change,0.73,SELL,4000,0.71,0.72
2026-01-03T20:50:53.854714Z,price_change,0.78,SELL,3000,0.71,0.72
2026-01-03T20:50:53.854771Z,price_change,0.7,BUY,4000,0.71,0.72
2026-01-03T20:50:53.855326Z,price_change,0.9,SELL,18000,0.71,0.72
2026-01-03T20:50:53.8554Z,price_change,0.65,BUY,4000,0.71,0.72
2026-01-03T20:50:53.855428Z,price_change,0.7,BUY,4000,0.71,0.72
2026-01-03T20:50:53.856111Z,price_change,0.73,SELL,1000,0.71,0.72
2026-01-03T20:50:53.856153Z,price_change,0.75,SELL,4000,0.71,0.72
2026-01-03T20:50:53.860161Z,price_change,0.72,SELL,2000,0.71,0.72
2026-01-03T20:50:53.878085Z,price_change,0.72,SELL,4000,0.71,0.72
2026-01-03T20:50:54.000715Z,price_change,0.73,SELL,-1,0.71,0.72
2026-01-03T20:50:54.040228Z,price_change,0.72,SELL,-401,0.71,0.72
2026-01-03T20:50:54.087288Z,price_change,0.72,SELL,-4000,0.71,0.72
2026-01-03T20:50:54.113335Z,price_change,0.45,BUY,-8000,0.71,0.72
2026-01-03T20:50:54.181047Z,price_change,0.53,BUY,8000,0.71,0.72
2026-01-03T20:50:54.206376Z,price_change,0.42,BUY,-183,0.71,0.72
2026-01-03T20:50:57.56193Z,price_change,0.72,SELL,4000,0.71,0.72
2026-01-03T20:50:57.563754Z,price_change,0.53,BUY,-8000,0.71,0.72
2026-01-03T20:50:57.612546Z,price_change,0.45,BUY,8000,0.71,0.72
2026-01-03T20:51:04.282568Z,price_change,0.72,SELL,-6,0.71,0.72
2026-01-03T20:51:09.097879Z,price_change,0.72,SELL,-12,0.71,0.72
2026-01-03T20:51:12.370732Z,price_change,0.68,BUY,-65,0.71,0.72
2026-01-03T20:51:12.372083Z,price_change,0.73,SELL,-134,0.71,0.72
2026-01-03T20:51:12.382805Z,price_change,0.67,BUY,65,0.71,0.72
2026-01-03T20:51:12.384089Z,price_change,0.72,SELL,134,0.71,0.72
2026-01-03T20:51:12.552545Z,price_change,0.71,BUY,-4949,0.7,0.72
2026-01-03T20:51:12.554177Z,price_change,0.74,SELL,-4900,0.7,0.72
2026-01-03T20:51:12.562251Z,price_change,0.67,BUY,-65,0.7,0.72
2026-01-03T20:51:12.563621Z,price_change,0.72,SELL,-134,0.7,0.72
2026-01-03T20:51:12.570063Z,price_change,0.67,BUY,65,0.7,0.72
2026-01-03T20:51:12.578121Z,price_change,0.72,SELL,134,0.7,0.72
2026-01-03T20:51:12.588561Z,price_change,0.7,BUY,5000,0.7,0.72
2026-01-03T20:51:12.589386Z,price_change,0.73,SELL,5000,0.7,0.72
2026-01-03T20:51:12.63774Z,price_change,0.73,SELL,-1000,0.7,0.72
2026-01-03T20:51:12.829835Z,price_change,0.73,SELL,1000,0.7,0.72
2026-01-03T20:51:15.677347Z,price_change,0.7,BUY,-4000,0.7,0.72
2026-01-03T20:51:15.678104Z,price_change,0.69,BUY,-1000,0.7,0.72
2026-01-03T20:51:15.716468Z,price_change,0.64,BUY,1000,0.7,0.72
2026-01-03T20:51:22.977697Z,price_change,0.75,SELL,-4000,0.7,0.72
2026-01-03T20:51:22.977875Z,price_change,0.72,SELL,-2000,0.7,0.72
2026-01-03T20:51:22.979016Z,price_change,0.73,SELL,-4000,0.7,0.72
2026-01-03T20:51:22.979167Z,price_change,0.65,BUY,-4000,0.7,0.72
2026-01-03T20:51:22.979784Z,price_change,0.45,BUY,-8000,0.7,0.72
2026-01-03T20:51:22.980189Z,price_change,0.7,BUY,-4000,0.7,0.72
2026-01-03T20:51:22.980561Z,price_change,0.89,SELL,-8000,0.7,0.72
2026-01-03T20:51:22.980747Z,price_change,0.72,SELL,-3581,0.7,0.72
2026-01-03T20:51:22.98077Z,price_change,0.73,SELL,-4000,0.7,0.72
2026-01-03T20:51:22.981751Z,price_change,0.78,SELL,-3000,0.7,0.72
2026-01-03T20:51:22.982441Z,price_change,0.72,SELL,-4000,0.7,0.72
2026-01-03T20:51:22.982747Z,price_change,0.41,BUY,-4000,0.7,0.72
2026-01-03T20:51:22.982762Z,price_change,0.64,BUY,-3000,0.7,0.72
2026-01-03T20:51:22.982954Z,price_change,0.72,SELL,-4000,0.7,0.72
2026-01-03T20:51:22.98342Z,price_change,0.64,BUY,-1000,0.7,0.72
2026-01-03T20:51:23.004284Z,price_change,0.73,SELL,-1000,0.7,0.72
2026-01-03T20:51:23.052269Z,price_change,0.76,SELL,4000,0.7,0.72
2026-01-03T20:51:23.052467Z,price_change,0.77,SELL,2000,0.7,0.72
2026-01-03T20:51:23.053089Z,price_change,0.71,BUY,4000,0.71,0.72
2026-01-03T20:51:23.054065Z,price_change,0.71,BUY,1000,0.71,0.72
2026-01-03T20:51:23.054382Z,price_change,0.42,BUY,4000,0.71,0.72
2026-01-03T20:51:23.05442Z,price_change,0.54,BUY,8000,0.71,0.72
2026-01-03T20:51:23.054467Z,price_change,0.78,SELL,1000,0.71,0.72
2026-01-03T20:51:23.055425Z,price_change,0.71,BUY,4000,0.71,0.72
2026-01-03T20:51:23.055816Z,price_change,0.77,SELL,4000,0.71,0.72
2026-01-03T20:51:23.056317Z,price_change,0.76,SELL,4000,0.71,0.72
2026-01-03T20:51:23.056395Z,price_change,0.78,SELL,4000,0.71,0.72
2026-01-03T20:51:23.05653Z,price_change,0.71,BUY,4000,0.71,0.72
2026-01-03T20:51:23.057112Z,price_change,0.95,SELL,3000,0.71,0.72
2026-01-03T20:51:23.057434Z,price_change,0.77,SELL,4000,0.71,0.72
2026-01-03T20:51:23.058307Z,price_change,0.76,SELL,4000,0.71,0.72
2026-01-03T20:51:23.067805Z,price_change,0.67,BUY,-65,0.71,0.72
2026-01-03T20:51:23.068458Z,price_change,0.64,BUY,3000,0.71,0.72
2026-01-03T20:51:23.070645Z,price_change,0.72,SELL,-134,0.71,0.73
2026-01-03T20:51:23.080402Z,price_change,0.68,BUY,65,0.71,0.73
2026-01-03T20:51:23.08731Z,price_change,0.73,SELL,134,0.71,0.73
2026-01-03T20:51:23.088136Z,price_change,0.9299999999999999,SELL,-500,0.71,0.73
2026-01-03T20:51:23.090675Z,price_change,0.41,BUY,-628,0.71,0.73
2026-01-03T20:51:23.091838Z,price_change,0.39,BUY,600,0.71,0.73
2026-01-03T20:51:23.092841Z,price_change,0.4,BUY,180,0.71,0.73
2026-01-03T20:51:23.093964Z,price_change,0.89,SELL,512,0.71,0.73
2026-01-03T20:51:23.149386Z,price_change,0.99,SELL,8000,0.71,0.73
2026-01-03T20:51:23.150645Z,price_change,0.42,BUY,-4000,0.71,0.73
2026-01-03T20:51:23.191806Z,price_change,0.77,SELL,-4000,0.71,0.73
2026-01-03T20:51:23.19202Z,price_change,0.76,SELL,-4000,0.71,0.73
2026-01-03T20:51:23.193871Z,price_change,0.41,BUY,4000,0.71,0.73
2026-01-03T20:51:23.200752Z,price_change,0.77,SELL,-4000,0.71,0.73
2026-01-03T20:51:23.246081Z,price_change,0.75,SELL,4000,0.71,0.73
2026-01-03T20:51:25.380044Z,price_change,0.75,SELL,4000,0.71,0.73
2026-01-03T20:51:25.381117Z,price_change,0.77,SELL,-2000,0.71,0.73
2026-01-03T20:51:25.385889Z,price_change,0.71,BUY,-4000,0.71,0.73
2026-01-03T20:51:25.392174Z,price_change,0.7,BUY,-67,0.71,0.73
2026-01-03T20:51:25.435847Z,price_change,0.7,BUY,4000,0.71,0.73
2026-01-03T20:51:25.438344Z,price_change,0.75,SELL,2000,0.71,0.73
2026-01-03T20:51:28.692471Z,price_change,0.75,SELL,4000,0.71,0.73
2026-01-03T20:51:28.692878Z,price_change,0.78,SELL,-4000,0.71,0.73
2026-01-03T20:51:28.740543Z,price_change,0.71,BUY,-1000,0.71,0.73
2026-01-03T20:51:28.756245Z,price_change,0.77,SELL,4000,0.71,0.73
2026-01-03T20:51:29.549495Z,price_change,0.75,SELL,-4000,0.71,0.73
2026-01-03T20:51:29.550797Z,price_change,0.76,SELL,-4000,0.71,0.73
2026-01-03T20:51:29.553215Z,price_change,0.76,SELL,-4000,0.71,0.73
2026-01-03T20:51:29.60652Z,price_change,0.74,SELL,4000,0.71,0.73
2026-01-03T20:51:33.225764Z,price_change,0.71,BUY,2000,0.71,0.73
2026-01-03T20:51:34.054399Z,price_change,0.7,BUY,500,0.71,0.73
2026-01-03T20:51:34.062985Z,price_change,0.7,BUY,-5000,0.71,0.73
2026-01-03T20:51:34.064152Z,price_change,0.73,SELL,500,0.71,0.73
2026-01-03T20:51:34.064582Z,price_change,0.73,SELL,-5000,0.71,0.73
2026-01-03T20:51:34.481399Z,price_change,0.73,SELL,-28,0.71,0.73
2026-01-03T20:51:34.481399Z,price_change,0.73,SELL,-104,0.71,0.73
2026-01-03T20:51:34.481399Z,price_change,0.73,SELL,-1,0.71,0.73
2026-01-03T20:51:34.481399Z,price_change,0.73,SELL,-27,0.71,0.73
2026-01-03T20:51:34.490353Z,price_change,0.68,BUY,-65,0.71,0.73
2026-01-03T20:51:34.492705Z,price_change,0.73,SELL,-107,0.71,0.73
2026-01-03T20:51:34.500049Z,price_change,0.69,BUY,79,0.71,0.73
2026-01-03T20:51:34.502774Z,price_change,0.74,SELL,121,0.71,0.73
2026-01-03T20:51:36.130465Z,price_change,0.73,SELL,20,0.71,0.73
2026-01-03T20:51:36.146463Z,price_change,0.69,BUY,-200,0.71,0.73
2026-01-03T20:51:36.611455Z,price_change,0.73,SELL,-13,0.71,0.73
2026-01-03T20:51:42.559942Z,price_change,0.73,SELL,1,0.71,0.73
2026-01-03T20:51:42.874599Z,price_change,0.71,BUY,5,0.71,0.73
2026-01-03T20:51:46.253082Z,price_change,0.7,BUY,-4000,0.71,0.73
2026-01-03T20:51:46.253903Z,price_change,0.95,SELL,-3000,0.71,0.73
2026-01-03T20:51:46.254711Z,price_change,0.74,SELL,4000,0.71,0.73
2026-01-03T20:51:46.256531Z,price_change,0.78,SELL,-1000,0.71,0.73
2026-01-03T20:51:46.292536Z,price_change,0.69,BUY,4000,0.71,0.73
2026-01-03T20:51:46.292605Z,price_change,0.75,SELL,1000,0.71,0.73
2026-01-03T20:51:46.312032Z,price_change,0.79,SELL,3000,0.71,0.73
2026-01-03T20:51:46.379Z,price_change,0.79,SELL,-3000,0.71,0.73
2026-01-03T20:51:47.635334Z,price_change,0.73,SELL,-20,0.71,0.73
2026-01-03T20:51:47.686759Z,price_change,0.79,SELL,200,0.71,0.73
2026-01-03T20:51:47.744894Z,price_change,0.72,BUY,200,0.72,0.73
2026-01-03T20:51:47.796884Z,price_change,0.74,SELL,1,0.72,0.73
2026-01-03T20:51:47.80833Z,price_change,0.71,BUY,-2000,0.72,0.73
2026-01-03T20:51:47.808823Z,price_change,0.74,SELL,-4000,0.72,0.73
2026-01-03T20:51:47.810071Z,price_change,0.71,BUY,-4000,0.72,0.73
2026-01-03T20:51:47.811274Z,price_change,0.71,BUY,-4000,0.72,0.73
2026-01-03T20:51:47.865871Z,price_change,0.72,BUY,2000,0.72,0.73
2026-01-03T20:51:47.867813Z,price_change,0.72,BUY,4000,0.72,0.73
2026-01-03T20:51:47.86925Z,price_change,0.72,BUY,4000,0.72,0.73
2026-01-03T20:51:48.043118Z,price_change,0.73,SELL,-1,0.72,0.73
2026-01-03T20:51:48.043118Z,price_change,0.74,SELL,1,0.72,0.73
2026-01-03T20:51:49.021596Z,price_change,0.69,BUY,-4000,0.72,0.73
2026-01-03T20:51:49.027837Z,price_change,0.95,SELL,3000,0.72,0.73
2026-01-03T20:51:49.129602Z,price_change,0.7,BUY,4000,0.72,0.73
2026-01-03T20:51:50.413363Z,price_change,0.69,BUY,-2174,0.72,0.73
2026-01-03T20:51:50.419388Z,price_change,0.7,BUY,2143,0.72,0.73
2026-01-03T20:51:50.477635Z,price_change,0.75,SELL,-1000,0.72,0.73
2026-01-03T20:51:50.537287Z,price_change,0.78,SELL,1000,0.72,0.73
2026-01-03T20:51:58.753818Z,price_change,0.7,BUY,-500,0.72,0.73
2026-01-03T20:51:58.755233Z,price_change,0.73,SELL,-487,0.72,0.74
2026-01-03T20:51:58.770031Z,price_change,0.69,BUY,-79,0.72,0.74
2026-01-03T20:51:58.771308Z,price_change,0.74,SELL,-121,0.72,0.74
2026-01-03T20:51:58.784697Z,price_change,0.7,BUY,79,0.72,0.74
2026-01-03T20:51:58.786635Z,price_change,0.75,SELL,121,0.72,0.74
2026-01-03T20:51:58.904842Z,price_change,0.71,BUY,1000,0.72,0.74
2026-01-03T20:51:58.905305Z,price_change,0.72,BUY,-4000,0.72,0.74
2026-01-03T20:51:58.906641Z,price_change,0.72,BUY,-4000,0.72,0.74
2026-01-03T20:51:58.972808Z,price_change,0.73,BUY,4000,0.73,0.74
2026-01-03T20:51:59.016638Z,price_change,0.7,BUY,-31,0.73,0.74
2026-01-03T20:51:59.017894Z,price_change,0.76,SELL,-75,0.73,0.74
2026-01-03T20:51:59.036329Z,price_change,0.4,BUY,-180,0.73,0.74
2026-01-03T20:51:59.038959Z,price_change,0.39,BUY,-600,0.73,0.74
2026-01-03T20:51:59.04022Z,price_change,0.55,BUY,623,0.73,0.74
2026-01-03T20:51:59.041438Z,price_change,0.56,BUY,153,0.73,0.74
2026-01-03T20:51:59.074362Z,price_change,0.74,SELL,-1,0.73,0.74
2026-01-03T20:51:59.148544Z,price_change,0.41,BUY,-4000,0.73,0.74
2026-01-03T20:51:59.191438Z,price_change,0.4,BUY,4000,0.73,0.74
2026-01-03T20:51:59.247356Z,price_change,0.74,SELL,-1,0.73,0.74
2026-01-03T20:51:59.247356Z,price_change,0.75,SELL,1,0.73,0.74
2026-01-03T20:52:00.794592Z,price_change,0.63,BUY,-2222,0.73,0.74
2026-01-03T20:52:00.796088Z,price_change,0.79,SELL,-2222,0.73,0.74
2026-01-03T20:52:00.797548Z,price_change,0.64,BUY,-690,0.73,0.74
2026-01-03T20:52:00.798906Z,price_change,0.78,SELL,-690,0.73,0.74
2026-01-03T20:52:00.837651Z,price_change,0.78,SELL,-1000,0.73,0.74
2026-01-03T20:52:00.840072Z,price_change,0.64,BUY,-3000,0.73,0.74
2026-01-03T20:52:00.840269Z,price_change,0.77,SELL,-4000,0.73,0.74
2026-01-03T20:52:00.84165Z,price_change,0.54,BUY,-8000,0.73,0.74
2026-01-03T20:52:00.879771Z,price_change,0.45,BUY,8000,0.73,0.74
2026-01-03T20:52:00.880805Z,price_change,0.78,SELL,4000,0.73,0.74
2026-01-03T20:52:00.881091Z,price_change,0.28,BUY,3000,0.73,0.74
2026-01-03T20:52:00.898541Z,price_change,0.75,SELL,-4000,0.73,0.74
2026-01-03T20:52:00.898787Z,price_change,0.72,BUY,-2000,0.73,0.74
2026-01-03T20:52:00.899632Z,price_change,0.71,BUY,-1000,0.73,0.74
2026-01-03T20:52:00.900109Z,price_change,0.75,SELL,-2000,0.73,0.74
2026-01-03T20:52:00.900673Z,price_change,0.75,SELL,-4000,0.73,0.74
2026-01-03T20:52:00.901052Z,price_change,0.7,BUY,-4000,0.73,0.74
2026-01-03T20:52:00.901488Z,price_change,0.73,BUY,-4000,0.72,0.74
2026-01-03T20:52:00.902406Z,price_change,0.74,SELL,-4000,0.72,0.75
2026-01-03T20:52:00.906215Z,price_change,0.95,SELL,1000,0.72,0.75
2026-01-03T20:52:00.917144Z,price_change,0.28,BUY,-3000,0.72,0.75
2026-01-03T20:52:00.918161Z,price_change,0.78,SELL,-4000,0.72,0.75
2026-01-03T20:52:00.925503Z,price_change,0.95,SELL,-3000,0.72,0.75
2026-01-03T20:52:00.953898Z,price_change,0.95,SELL,-1000,0.72,0.75
2026-01-03T20:52:01.011352Z,price_change,0.31,BUY,40,0.72,0.75
2026-01-03T20:52:01.244488Z,price_change,0.75,SELL,1,0.72,0.75
2026-01-03T20:52:01.330218Z,price_change,0.31,BUY,-40,0.72,0.75
2026-01-03T20:52:01.391301Z,price_change,0.32,BUY,40,0.72,0.75
2026-01-03T20:52:04.62108Z,price_change,0.67,BUY,2222,0.72,0.75
2026-01-03T20:52:04.623369Z,price_change,0.78,SELL,2222,0.72,0.75
2026-01-03T20:52:05.484586Z,price_change,0.7,BUY,-2143,0.72,0.75
2026-01-03T20:52:05.485395Z,price_change,0.71,BUY,2113,0.72,0.75
2026-01-03T20:52:05.494996Z,price_change,0.75,SELL,-6000,0.72,0.75
2026-01-03T20:52:05.507797Z,price_change,0.77,SELL,6000,0.72,0.75
2026-01-03T20:52:05.766846Z,price_change,0.75,SELL,-1,0.72,0.75
2026-01-03T20:52:05.766846Z,price_change,0.77,SELL,1,0.72,0.75
2026-01-03T20:52:08.757625Z,price_change,0.68,BUY,690,0.72,0.75
2026-01-03T20:52:08.763336Z,price_change,0.77,SELL,690,0.72,0.75
2026-01-03T20:52:09.259488Z,price_change,0.79,SELL,95,0.72,0.75
2026-01-03T20:52:09.28007Z,price_change,0.74,BUY,200,0.74,0.75
2026-01-03T20:52:09.289072Z,price_change,0.7,BUY,-79,0.74,0.75
2026-01-03T20:52:09.291565Z,price_change,0.75,SELL,-121,0.74,0.75
2026-01-03T20:52:09.297919Z,price_change,0.72,BUY,-200,0.74,0.75
2026-01-03T20:52:09.302747Z,price_change,0.71,BUY,79,0.74,0.75
2026-01-03T20:52:09.30403Z,price_change,0.76,SELL,121,0.74,0.75
2026-01-03T20:52:09.484728Z,price_change,0.75,SELL,-1,0.74,0.76
2026-01-03T20:52:09.484728Z,price_change,0.76,SELL,1,0.74,0.76
2026-01-03T20:52:09.867256Z,price_change,0.75,BUY,104,0.75,0.76
2026-01-03T20:52:09.87954Z,price_change,0.71,BUY,-79,0.75,0.76
2026-01-03T20:52:09.88245Z,price_change,0.76,SELL,-121,0.75,0.76
2026-01-03T20:52:09.882837Z,price_change,0.74,BUY,-200,0.75,0.76
2026-01-03T20:52:09.887229Z,price_change,0.79,SELL,-95,0.75,0.76
2026-01-03T20:52:09.889075Z,price_change,0.79,SELL,-200,0.75,0.76
2026-01-03T20:52:09.894687Z,price_change,0.72,BUY,79,0.75,0.76
2026-01-03T20:52:09.897761Z,price_change,0.77,SELL,121,0.75,0.76
2026-01-03T20:52:09.900763Z,price_change,0.72,BUY,-79,0.75,0.76
2026-01-03T20:52:09.901977Z,price_change,0.77,SELL,-121,0.75,0.76
2026-01-03T20:52:09.910779Z,price_change,0.71,BUY,79,0.75,0.76
2026-01-03T20:52:09.912153Z,price_change,0.76,SELL,121,0.75,0.76
2026-01-03T20:52:09.931752Z,price_change,0.79,SELL,47,0.75,0.76
2026-01-03T20:52:09.973421Z,price_change,0.75,BUY,-104,0.71,0.76
2026-01-03T20:52:09.980625Z,price_change,0.71,BUY,-79,0.71,0.76
2026-01-03T20:52:09.98208Z,price_change,0.76,SELL,-121,0.71,0.76
2026-01-03T20:52:09.995502Z,price_change,0.71,BUY,79,0.71,0.76
2026-01-03T20:52:09.996712Z,price_change,0.76,SELL,121,0.71,0.76
2026-01-03T20:52:10.096754Z,price_change,0.71,BUY,20,0.71,0.76
2026-01-03T20:52:10.341139Z,price_change,0.71,BUY,-20,0.71,0.76
2026-01-03T20:52:10.534297Z,price_change,0.71,BUY,20,0.71,0.76
2026-01-03T20:52:12.662203Z,price_change,0.77,SELL,-1,0.71,0.76
2026-01-03T20:52:12.662203Z,price_change,0.76,SELL,1,0.71,0.76
2026-01-03T20:52:13.452187Z,price_change,0.71,BUY,25,0.71,0.76
2026-01-03T20:52:13.4534Z,price_change,0.75,SELL,50,0.71,0.75
2026-01-03T20:52:13.453483Z,price_change,0.75,SELL,100,0.71,0.75
2026-01-03T20:52:13.453695Z,price_change,0.32,BUY,-40,0.71,0.75
2026-01-03T20:52:13.453771Z,price_change,0.77,SELL,25,0.71,0.75
2026-01-03T20:52:13.454355Z,price_change,0.75,SELL,100,0.71,0.75
2026-01-03T20:52:13.454587Z,price_change,0.72,BUY,50,0.72,0.75
2026-01-03T20:52:13.45515Z,price_change,0.95,SELL,75,0.72,0.75
2026-01-03T20:52:13.455257Z,price_change,0.76,SELL,100,0.72,0.75
2026-01-03T20:52:13.456202Z,price_change,0.28,BUY,75,0.72,0.75
2026-01-03T20:52:13.476546Z,price_change,0.68,BUY,100,0.72,0.75
2026-01-03T20:52:13.486297Z,price_change,0.88,SELL,100,0.72,0.75
2026-01-03T20:52:13.516753Z,price_change,0.71,BUY,-79,0.72,0.75
2026-01-03T20:52:13.519366Z,price_change,0.76,SELL,-121,0.72,0.75
2026-01-03T20:52:13.526254Z,price_change,0.71,BUY,79,0.72,0.75
2026-01-03T20:52:13.52883Z,price_change,0.76,SELL,121,0.72,0.75
2026-01-03T20:52:13.538581Z,price_change,0.71,BUY,-25,0.72,0.75
2026-01-03T20:52:13.539037Z,price_change,0.45,BUY,-8000,0.72,0.75
2026-01-03T20:52:13.541934Z,price_change,0.75,SELL,-50,0.72,0.75
2026-01-03T20:52:13.543052Z,price_change,0.77,SELL,-25,0.72,0.75
2026-01-03T20:52:13.554912Z,price_change,0.72,BUY,100,0.72,0.75
2026-01-03T20:52:13.55503Z,price_change,0.75,SELL,-100,0.72,0.75
2026-01-03T20:52:13.556395Z,price_change,0.75,SELL,-100,0.72,0.76
2026-01-03T20:52:13.556487Z,price_change,0.68,BUY,-100,0.72,0.76
2026-01-03T20:52:13.572577Z,price_change,0.71,BUY,-20,0.72,0.76
2026-01-03T20:52:13.635426Z,price_change,0.77,SELL,50,0.72,0.76
2026-01-03T20:52:13.636113Z,price_change,0.78,SELL,25,0.72,0.76
2026-01-03T20:52:13.636734Z,price_change,0.77,SELL,100,0.72,0.76
2026-01-03T20:52:13.637788Z,price_change,0.57,BUY,8000,0.72,0.76
2026-01-03T20:52:13.637883Z,price_change,0.72,BUY,25,0.72,0.76
2026-01-03T20:52:13.638154Z,price_change,0.69,BUY,100,0.72,0.76
2026-01-03T20:52:15.089281Z,price_change,0.75,BUY,52,0.75,0.76
2026-01-03T20:52:15.121231Z,price_change,0.71,BUY,-79,0.75,0.76
2026-01-03T20:52:15.122405Z,price_change,0.76,SELL,-121,0.75,0.76
2026-01-03T20:52:15.133645Z,price_change,0.72,BUY,79,0.75,0.76
2026-01-03T20:52:15.135656Z,price_change,0.77,SELL,121,0.75,0.76
2026-01-03T20:52:15.193843Z,price_change,0.94,SELL,-151,0.75,0.76
2026-01-03T20:52:15.195064Z,price_change,0.95,SELL,-577,0.75,0.76
2026-01-03T20:52:15.196234Z,price_change,0.88,SELL,618,0.75,0.76
2026-01-03T20:52:15.197442Z,price_change,0.87,SELL,192,0.75,0.76
2026-01-03T20:52:15.271839Z,price_change,0.99,SELL,-8000,0.75,0.76
2026-01-03T20:52:15.271915Z,price_change,0.88,SELL,-100,0.75,0.76
2026-01-03T20:52:15.310886Z,price_change,0.98,SELL,8000,0.75,0.76
2026-01-03T20:52:15.312383Z,price_change,0.86,SELL,100,0.75,0.76
2026-01-03T20:52:15.333376Z,price_change,0.76,SELL,-100,0.75,0.76
2026-01-03T20:52:15.402814Z,price_change,0.77,SELL,100,0.75,0.76
2026-01-03T20:52:15.405719Z,price_change,0.78,SELL,100,0.75,0.76
2026-01-03T20:52:16.986653Z,price_change,0.28,BUY,-75,0.75,0.76
2026-01-03T20:52:16.994238Z,price_change,0.57,BUY,-8000,0.75,0.76
2026-01-03T20:52:17.067069Z,price_change,0.58,BUY,8000,0.75,0.76
2026-01-03T20:52:17.111316Z,price_change,0.67,BUY,75,0.75,0.76
2026-01-03T20:52:17.150321Z,price_change,0.67,BUY,-75,0.75,0.76
2026-01-03T20:52:18.889117Z,price_change,0.72,BUY,-79,0.75,0.76
2026-01-03T20:52:18.890263Z,price_change,0.77,SELL,-121,0.75,0.76
2026-01-03T20:52:18.904776Z,price_change,0.71,BUY,79,0.75,0.76
2026-01-03T20:52:18.906933Z,price_change,0.76,SELL,121,0.75,0.76
2026-01-03T20:52:18.99452Z,price_change,0.78,SELL,-25,0.75,0.76
2026-01-03T20:52:19.083963Z,price_change,0.95,SELL,25,0.75,0.76
2026-01-03T20:52:19.524502Z,price_change,0.68,BUY,81,0.75,0.76
2026-01-03T20:52:19.525894Z,price_change,0.69,BUY,-100,0.75,0.76
2026-01-03T20:52:19.52661Z,price_change,0.95,SELL,-25,0.75,0.76
2026-01-03T20:52:19.614477Z,price_change,0.78,SELL,27,0.75,0.76
2026-01-03T20:52:19.616644Z,price_change,0.71,BUY,108,0.75,0.76
2026-01-03T20:52:20.722171Z,price_change,0.71,BUY,-2113,0.75,0.76
2026-01-03T20:52:20.729696Z,price_change,0.69,BUY,2174,0.75,0.76
2026-01-03T20:52:20.748961Z,price_change,0.77,SELL,-6000,0.75,0.76
2026-01-03T20:52:20.759058Z,price_change,0.76,SELL,6000,0.75,0.76
2026-01-03T20:52:20.766688Z,price_change,0.71,BUY,-108,0.75,0.76
2026-01-03T20:52:20.767106Z,price_change,0.72,BUY,-25,0.75,0.76
2026-01-03T20:52:20.767994Z,price_change,0.72,BUY,-100,0.75,0.76
2026-01-03T20:52:20.768183Z,price_change,0.58,BUY,-8000,0.75,0.76
2026-01-03T20:52:20.811372Z,price_change,0.57,BUY,8000,0.75,0.76
2026-01-03T20:52:20.811514Z,price_change,0.7,BUY,27,0.75,0.76
2026-01-03T20:52:20.813802Z,price_change,0.7,BUY,108,0.75,0.76
2026-01-03T20:52:20.814885Z,price_change,0.7,BUY,108,0.75,0.76
2026-01-03T20:52:21.821647Z,price_change,0.78,SELL,-100,0.75,0.76
2026-01-03T20:52:21.821818Z,price_change,0.77,SELL,-100,0.75,0.76
2026-01-03T20:52:21.841225Z,price_change,0.56,BUY,-153,0.75,0.76
2026-01-03T20:52:21.84391Z,price_change,0.55,BUY,-623,0.75,0.76
2026-01-03T20:52:21.845078Z,price_change,0.7,BUY,599,0.75,0.76
2026-01-03T20:52:21.846111Z,price_change,0.71,BUY,208,0.75,0.76
2026-01-03T20:52:21.911614Z,price_change,0.7,BUY,-108,0.75,0.76
2026-01-03T20:52:21.912084Z,price_change,0.7,BUY,-108,0.75,0.76
2026-01-03T20:52:21.912665Z,price_change,0.76,SELL,110,0.75,0.76
2026-01-03T20:52:21.969011Z,price_change,0.72,BUY,110,0.75,0.76
2026-01-03T20:52:21.971151Z,price_change,0.71,BUY,110,0.75,0.76
2026-01-03T20:52:23.32884Z,price_change,0.76,SELL,110,0.75,0.76
2026-01-03T20:52:24.677519Z,price_change,0.75,BUY,-20,0.75,0.76
2026-01-03T20:52:25.426385Z,price_change,0.75,BUY,20,0.75,0.76
2026-01-03T20:52:26.234029Z,price_change,0.7,BUY,500,0.75,0.76
2026-01-03T20:52:26.23541Z,price_change,0.76,SELL,500,0.75,0.76
2026-01-03T20:52:26.330671Z,price_change,0.76,SELL,500,0.75,0.76
2026-01-03T20:52:29.030269Z,price_change,0.69,BUY,-2174,0.75,0.76
2026-01-03T20:52:29.030269Z,price_change,0.76,SELL,-6000,0.75,0.76
2026-01-03T20:52:29.030269Z,price_change,0.71,BUY,-110,0.75,0.76
2026-01-03T20:52:29.032215Z,price_change,0.75,BUY,-32,0.75,0.76
2026-01-03T20:52:29.032215Z,price_change,0.75,BUY,-20,0.72,0.76
2026-01-03T20:52:29.032215Z,price_change,0.72,BUY,-50,0.72,0.76
2026-01-03T20:52:29.032215Z,price_change,0.72,BUY,-110,0.71,0.76
2026-01-03T20:52:29.032215Z,price_change,0.71,BUY,-5,0.71,0.76
2026-01-03T20:52:29.032215Z,price_change,0.71,BUY,-79,0.71,0.76
2026-01-03T20:52:29.032215Z,price_change,0.71,BUY,-208,0.7,0.76
2026-01-03T20:52:29.032215Z,price_change,0.7,BUY,-27,0.7,0.76
2026-01-03T20:52:29.032215Z,price_change,0.7,BUY,-599,0.7,0.76
2026-01-03T20:52:29.032215Z,price_change,0.7,BUY,-500,0.68,0.76
2026-01-03T20:52:29.04677Z,price_change,0.76,SELL,-121,0.68,0.76
2026-01-03T20:52:29.05411Z,price_change,0.75,SELL,200,0.68,0.75
2026-01-03T20:52:29.07307Z,price_change,0.68,BUY,-20,0.68,0.75
2026-01-03T20:52:29.077984Z,price_change,0.89,SELL,-512,0.68,0.75
2026-01-03T20:52:29.080538Z,price_change,0.86,SELL,485,0.68,0.75
2026-01-03T20:52:29.109587Z,price_change,0.77,SELL,-50,0.68,0.75
2026-01-03T20:52:29.111368Z,price_change,0.78,SELL,-27,0.68,0.75
2026-01-03T20:52:29.138089Z,price_change,0.7,BUY,10,0.7,0.75
2026-01-03T20:52:29.142652Z,price_change,0.76,SELL,-110,0.7,0.75
2026-01-03T20:52:29.143491Z,price_change,0.57,BUY,-8000,0.7,0.75
2026-01-03T20:52:29.143803Z,price_change,0.76,SELL,-500,0.7,0.75
2026-01-03T20:52:29.14384Z,price_change,0.68,BUY,-81,0.7,0.75
2026-01-03T20:52:29.144358Z,price_change,0.69,BUY,112,0.7,0.75
2026-01-03T20:52:29.144539Z,price_change,0.77,SELL,-100,0.7,0.75
2026-01-03T20:52:29.145445Z,price_change,0.76,SELL,69000,0.7,0.75
2026-01-03T20:52:29.162634Z,price_change,0.86,SELL,-100,0.7,0.75
2026-01-03T20:52:29.163796Z,price_change,0.98,SELL,-8000,0.7,0.75
2026-01-03T20:52:29.218597Z,price_change,0.76,SELL,-500,0.7,0.75
2026-01-03T20:52:29.230841Z,price_change,0.7,BUY,-10,0.69,0.75
2026-01-03T20:52:29.231037Z,price_change,0.96,SELL,8000,0.69,0.75
2026-01-03T20:52:29.233179Z,price_change,0.76,SELL,56,0.69,0.75
2026-01-03T20:52:29.234569Z,price_change,0.77,SELL,28,0.69,0.75
2026-01-03T20:52:29.235414Z,price_change,0.85,SELL,112,0.69,0.75
2026-01-03T20:52:29.235743Z,price_change,0.68,BUY,28,0.69,0.75
2026-01-03T20:52:29.240149Z,price_change,0.75,SELL,200,0.69,0.75
2026-01-03T20:52:29.245773Z,price_change,0.76,SELL,-1,0.69,0.75
2026-01-03T20:52:29.245773Z,price_change,0.75,SELL,1,0.69,0.75
2026-01-03T20:52:29.251197Z,price_change,0.75,SELL,-200,0.69,0.75
2026-01-03T20:52:29.253649Z,price_change,0.75,SELL,112,0.69,0.75
2026-01-03T20:52:29.253995Z,price_change,0.67,BUY,84,0.69,0.75
2026-01-03T20:52:29.254293Z,price_change,0.75,SELL,112,0.69,0.75
2026-01-03T20:52:29.257311Z,price_change,0.47,BUY,8000,0.69,0.75
2026-01-03T20:52:29.262394Z,price_change,0.74,SELL,200,0.69,0.74
2026-01-03T20:52:29.313943Z,price_change,0.73,SELL,500,0.69,0.73
2026-01-03T20:52:29.317012Z,price_change,0.7,BUY,500,0.7,0.73
2026-01-03T20:52:29.320925Z,price_change,0.74,SELL,-200,0.7,0.73
2026-01-03T20:52:29.332486Z,price_change,0.72,SELL,200,0.7,0.72
2026-01-03T20:52:29.351324Z,price_change,0.75,SELL,-200,0.7,0.72
2026-01-03T20:52:29.36075Z,price_change,0.69,BUY,-112,0.7,0.72
2026-01-03T20:52:29.420762Z,price_change,0.71,BUY,112,0.71,0.72
2026-01-03T20:52:29.487258Z,price_change,0.76,SELL,-1,0.71,0.72
2026-01-03T20:52:29.487258Z,price_change,0.75,SELL,1,0.71,0.72
2026-01-03T20:52:29.58645Z,price_change,0.75,SELL,-1,0.71,0.72
2026-01-03T20:52:29.58645Z,price_change,0.73,SELL,1,0.71,0.72
2026-01-03T20:52:29.64077Z,price_change,0.67,BUY,-2222,0.71,0.72
2026-01-03T20:52:29.641713Z,price_change,0.78,SELL,-2222,0.71,0.72
2026-01-03T20:52:29.642842Z,price_change,0.68,BUY,-670,0.71,0.72
2026-01-03T20:52:29.643895Z,price_change,0.77,SELL,-690,0.71,0.72
2026-01-03T20:52:29.695544Z,price_change,0.77,SELL,-28,0.71,0.72
2026-01-03T20:52:29.695937Z,price_change,0.67,BUY,-84,0.71,0.72
2026-01-03T20:52:29.69616Z,price_change,0.68,BUY,-28,0.71,0.72
2026-01-03T20:52:29.731414Z,price_change,0.75,SELL,-1,0.71,0.72
2026-01-03T20:52:29.731414Z,price_change,0.74,SELL,1,0.71,0.72
2026-01-03T20:52:29.756276Z,price_change,0.58,BUY,28,0.71,0.72
2026-01-03T20:52:29.758638Z,price_change,0.58,BUY,84,0.71,0.72
2026-01-03T20:52:29.760189Z,price_change,0.95,SELL,28,0.71,0.72
2026-01-03T20:52:29.806209Z,price_change,0.7,BUY,-500,0.71,0.72
2026-01-03T20:52:29.807667Z,price_change,0.73,SELL,-500,0.71,0.72
2026-01-03T20:52:29.841746Z,price_change,0.21,BUY,2104,0.71,0.72
2026-01-03T20:52:29.843244Z,price_change,0.2,BUY,2104,0.71,0.72
2026-01-03T20:52:29.844834Z,price_change,0.19,BUY,2989,0.71,0.72
2026-01-03T20:52:29.846176Z,price_change,0.18,BUY,2989,0.71,0.72
2026-01-03T20:52:29.847577Z,price_change,0.15,BUY,4910,0.71,0.72
2026-01-03T20:52:29.848942Z,price_change,0.97,SELL,20926,0.71,0.72
2026-01-03T20:52:29.850372Z,price_change,0.98,SELL,47107,0.71,0.72
2026-01-03T20:52:29.851865Z,price_change,0.99,SELL,447723,0.71,0.72
2026-01-03T20:52:29.855495Z,price_change,0.36,BUY,12,0.71,0.72
2026-01-03T20:52:29.856405Z,price_change,0.66,BUY,225,0.71,0.72
2026-01-03T20:52:29.856486Z,price_change,0.33,BUY,246,0.71,0.72
2026-01-03T20:52:29.857315Z,price_change,0.31,BUY,442,0.71,0.72
2026-01-03T20:52:29.858135Z,price_change,0.3,BUY,821,0.71,0.72
2026-01-03T20:52:29.859296Z,price_change,0.25,BUY,1624,0.71,0.72
2026-01-03T20:52:29.859697Z,price_change,0.47,BUY,-8000,0.71,0.72
2026-01-03T20:52:29.860391Z,price_change,0.22,BUY,2104,0.71,0.72
2026-01-03T20:52:29.860651Z,price_change,0.71,BUY,-112,0.66,0.72
2026-01-03T20:52:29.890388Z,price_change,0.66,BUY,-112,0.66,0.72
2026-01-03T20:52:29.891632Z,price_change,0.67,BUY,25,0.67,0.72
2026-01-03T20:52:29.899453Z,price_change,0.95,SELL,-28,0.67,0.72
2026-01-03T20:52:29.900296Z,price_change,0.75,SELL,-112,0.67,0.72
2026-01-03T20:52:29.900466Z,price_change,0.58,BUY,-84,0.67,0.72
2026-01-03T20:52:29.90061Z,price_change,0.95,SELL,-75,0.67,0.72
2026-01-03T20:52:29.900689Z,price_change,0.85,SELL,-112,0.67,0.72
2026-01-03T20:52:29.901083Z,price_change,0.76,SELL,-56,0.67,0.72
2026-01-03T20:52:29.902144Z,price_change,0.76,SELL,-110,0.67,0.72
2026-01-03T20:52:29.902221Z,price_change,0.75,SELL,-112,0.67,0.72
2026-01-03T20:52:29.9023Z,price_change,0.58,BUY,-28,0.67,0.72
2026-01-03T20:52:29.910707Z,price_change,0.67,BUY,-25,0.66,0.72
2026-01-03T20:52:29.914862Z,price_change,0.33,BUY,112,0.66,0.72
2026-01-03T20:52:29.918804Z,price_change,0.54,BUY,8000,0.66,0.72
2026-01-03T20:52:29.941719Z,price_change,0.66,BUY,-113,0.65,0.72
2026-01-03T20:52:29.941719Z,price_change,0.5,BUY,235,0.65,0.72
2026-01-03T20:52:29.951866Z,price_change,0.67,BUY,226,0.67,0.72
2026-01-03T20:52:29.953375Z,price_change,0.67,BUY,-226,0.65,0.72
2026-01-03T20:52:29.961175Z,price_change,0.54,BUY,-8000,0.65,0.72
2026-01-03T20:52:29.969588Z,price_change,0.73,SELL,-1,0.65,0.72
2026-01-03T20:52:29.969588Z,price_change,0.74,SELL,1,0.65,0.72
2026-01-03T20:52:29.974034Z,price_change,0.5,BUY,-235,0.65,0.72
2026-01-03T20:52:29.97873Z,price_change,0.72,SELL,-200,0.65,0.74
2026-01-03T20:52:29.993532Z,price_change,0.71,SELL,200,0.65,0.71
2026-01-03T20:52:29.996202Z,price_change,0.71,SELL,-200,0.65,0.74
2026-01-03T20:52:29.998756Z,price_change,0.5,BUY,235,0.65,0.74
2026-01-03T20:52:30.013507Z,price_change,0.74,SELL,200,0.65,0.74
2026-01-03T20:52:30.014797Z,price_change,0.74,SELL,-200,0.65,0.74
2026-01-03T20:52:30.025654Z,price_change,0.75,SELL,200,0.65,0.74
2026-01-03T20:52:30.034552Z,price_change,0.75,SELL,-200,0.65,0.74
2026-01-03T20:52:30.048964Z,price_change,0.74,SELL,200,0.65,0.74
2026-01-03T20:52:30.11688Z,price_change,0.32,BUY,-1329,0.65,0.74
2026-01-03T20:52:30.118491Z,price_change,0.33,BUY,-1329,0.65,0.74
2026-01-03T20:52:30.118905Z,price_change,0.45,BUY,8000,0.65,0.74
2026-01-03T20:52:30.119873Z,price_change,0.34,BUY,-1329,0.65,0.74
2026-01-03T20:52:30.121378Z,price_change,0.35,BUY,-1038,0.65,0.74
2026-01-03T20:52:30.122863Z,price_change,0.36,BUY,-752,0.65,0.74
2026-01-03T20:52:30.123952Z,price_change,0.18,BUY,-4025,0.65,0.74
2026-01-03T20:52:30.124551Z,price_change,0.99,SELL,-575663,0.65,0.74
2026-01-03T20:52:30.125218Z,price_change,0.19,BUY,-4025,0.65,0.74
2026-01-03T20:52:30.126119Z,price_change,0.98,SELL,-60569,0.65,0.74
2026-01-03T20:52:30.126586Z,price_change,0.2,BUY,-4025,0.65,0.74
2026-01-03T20:52:30.127552Z,price_change,0.97,SELL,-26906,0.65,0.74
2026-01-03T20:52:30.128138Z,price_change,0.21,BUY,-4025,0.65,0.74
2026-01-03T20:52:30.129602Z,price_change,0.22,BUY,-4025,0.65,0.74
2026-01-03T20:52:30.131124Z,price_change,0.39,BUY,-312,0.65,0.74
2026-01-03T20:52:30.132572Z,price_change,0.4,BUY,-192,0.65,0.74
2026-01-03T20:52:30.134012Z,price_change,0.41,BUY,-64,0.65,0.74
2026-01-03T20:52:30.135485Z,price_change,0.43,BUY,-1,0.65,0.74
2026-01-03T20:52:30.137027Z,price_change,0.47,BUY,-1,0.65,0.74
2026-01-03T20:52:30.138602Z,price_change,0.37,BUY,-1137,0.65,0.74
2026-01-03T20:52:30.140269Z,price_change,0.38,BUY,-758,0.65,0.74
2026-01-03T20:52:30.141847Z,price_change,0.15,BUY,-17718,0.65,0.74
2026-01-03T20:52:30.142905Z,price_change,0.42,BUY,289,0.65,0.74
2026-01-03T20:52:30.143356Z,price_change,0.25,BUY,-2987,0.65,0.74
2026-01-03T20:52:30.144868Z,price_change,0.3,BUY,-1792,0.65,0.74
2026-01-03T20:52:30.145671Z,price_change,0.75,SELL,516,0.65,0.74
2026-01-03T20:52:30.146166Z,price_change,0.31,BUY,-1792,0.65,0.74
2026-01-03T20:52:30.160262Z,price_change,0.56,BUY,29,0.65,0.74
2026-01-03T20:52:30.161842Z,price_change,0.73,SELL,87,0.65,0.73
2026-01-03T20:52:30.169589Z,price_change,0.5,BUY,265,0.65,0.73
2026-01-03T20:52:30.172489Z,price_change,0.74,SELL,-200,0.65,0.73
2026-01-03T20:52:30.181926Z,price_change,0.4,BUY,-4000,0.65,0.73
2026-01-03T20:52:30.182432Z,price_change,0.73,SELL,200,0.65,0.73
2026-01-03T20:52:30.222904Z,price_change,0.43,BUY,4000,0.65,0.73
2026-01-03T20:52:30.251701Z,price_change,0.74,SELL,-1,0.65,0.73
2026-01-03T20:52:30.251701Z,price_change,0.75,SELL,1,0.65,0.73
2026-01-03T20:52:30.262587Z,price_change,0.67,BUY,1,0.67,0.73
2026-01-03T20:52:30.283082Z,price_change,0.74,SELL,-1,0.67,0.73
2026-01-03T20:52:30.283082Z,price_change,0.75,SELL,1,0.67,0.73
2026-01-03T20:52:30.364681Z,price_change,0.74,SELL,12,0.67,0.73
2026-01-03T20:52:30.525388Z,price_change,0.56,BUY,-29,0.67,0.73
2026-01-03T20:52:30.52616Z,price_change,0.73,SELL,-87,0.67,0.73
2026-01-03T20:52:30.544248Z,price_change,0.57,BUY,77,0.67,0.73
2026-01-03T20:52:30.545927Z,price_change,0.72,SELL,77,0.67,0.72
2026-01-03T20:52:30.555834Z,price_change,0.73,SELL,-200,0.67,0.72
2026-01-03T20:52:30.559932Z,price_change,0.5,BUY,-500,0.67,0.72
2026-01-03T20:52:30.559932Z,price_change,0.56,BUY,128,0.67,0.72
2026-01-03T20:52:30.56426Z,price_change,0.56,BUY,29,0.67,0.72
2026-01-03T20:52:30.566317Z,price_change,0.72,SELL,99,0.67,0.72
2026-01-03T20:52:30.567566Z,price_change,0.72,SELL,200,0.67,0.72
2026-01-03T20:52:30.568156Z,price_change,0.33,BUY,-112,0.67,0.72
2026-01-03T20:52:30.570289Z,price_change,0.72,SELL,-200,0.67,0.72
2026-01-03T20:52:30.575022Z,price_change,0.56,BUY,-128,0.67,0.72
2026-01-03T20:52:30.575022Z,price_change,0.58,BUY,128,0.67,0.72
2026-01-03T20:52:30.582058Z,price_change,0.71,SELL,200,0.67,0.71
2026-01-03T20:52:30.595988Z,price_change,0.79,SELL,-47,0.67,0.71
2026-01-03T20:52:30.605272Z,price_change,0.58,BUY,59,0.67,0.71
2026-01-03T20:52:30.623543Z,price_change,0.75,SELL,-1,0.67,0.71
2026-01-03T20:52:30.623543Z,price_change,0.72,SELL,1,0.67,0.71
2026-01-03T20:52:30.633174Z,price_change,0.79,SELL,4,0.67,0.71
2026-01-03T20:52:30.646179Z,price_change,0.67,BUY,10,0.67,0.71
2026-01-03T20:52:30.66663Z,price_change,0.32,BUY,112,0.67,0.71
2026-01-03T20:52:30.693204Z,price_change,0.7,BUY,5,0.7,0.71
2026-01-03T20:52:30.706206Z,price_change,0.7,BUY,-5,0.67,0.71
2026-01-03T20:52:30.732351Z,price_change,0.75,SELL,-1,0.67,0.71
2026-01-03T20:52:30.732351Z,price_change,0.74,SELL,1,0.67,0.71
2026-01-03T20:52:30.764079Z,price_change,0.58,BUY,5,0.67,0.71
2026-01-03T20:52:30.769692Z,price_change,0.59,BUY,97,0.67,0.71
2026-01-03T20:52:30.770508Z,price_change,0.7,SELL,99,0.67,0.7
2026-01-03T20:52:30.770917Z,price_change,0.74,SELL,-12,0.67,0.7
2026-01-03T20:52:30.778606Z,price_change,0.58,BUY,-5,0.67,0.7
2026-01-03T20:52:30.780176Z,price_change,0.71,SELL,-200,0.67,0.7
2026-01-03T20:52:30.782518Z,price_change,0.67,BUY,-1,0.67,0.7
2026-01-03T20:52:30.792226Z,price_change,0.7,SELL,200,0.67,0.7
2026-01-03T20:52:30.804922Z,price_change,0.58,BUY,-187,0.67,0.7
2026-01-03T20:52:30.804922Z,price_change,0.59,BUY,176,0.67,0.7
2026-01-03T20:52:30.818623Z,price_change,0.59,BUY,-66,0.67,0.7
2026-01-03T20:52:30.819003Z,price_change,0.65,BUY,4,0.67,0.7
2026-01-03T20:52:30.858238Z,price_change,0.45,BUY,-8000,0.67,0.7
2026-01-03T20:52:30.863498Z,price_change,0.69,BUY,5,0.69,0.7
2026-01-03T20:52:30.891579Z,price_change,0.59,BUY,66,0.69,0.7
2026-01-03T20:52:30.901Z,price_change,0.47,BUY,8000,0.69,0.7
2026-01-03T20:52:30.950221Z,price_change,0.67,BUY,-10,0.69,0.7
2026-01-03T20:52:30.976009Z,price_change,0.58,BUY,99,0.69,0.7
2026-01-03T20:52:30.977543Z,price_change,0.74,SELL,99,0.69,0.7
2026-01-03T20:52:30.998859Z,price_change,0.74,SELL,200,0.69,0.7
2026-01-03T20:52:30.998936Z,price_change,0.59,BUY,-62,0.69,0.7
2026-01-03T20:52:31.000543Z,price_change,0.56,BUY,-29,0.69,0.7
2026-01-03T20:52:31.000543Z,price_change,0.72,SELL,-99,0.69,0.7
2026-01-03T20:52:31.000543Z,price_change,0.57,BUY,-77,0.69,0.7
2026-01-03T20:52:31.000543Z,price_change,0.72,SELL,-77,0.69,0.7
2026-01-03T20:52:31.10195Z,price_change,0.69,BUY,-5,0.65,0.7
2026-01-03T20:52:31.108313Z,price_change,0.72,SELL,-1,0.65,0.7
2026-01-03T20:52:31.108313Z,price_change,0.71,SELL,1,0.65,0.7
2026-01-03T20:52:31.121758Z,price_change,0.59,BUY,-114,0.65,0.7
2026-01-03T20:52:31.185286Z,price_change,0.56,BUY,99,0.65,0.7
2026-01-03T20:52:31.188236Z,price_change,0.55,BUY,147,0.65,0.7
2026-01-03T20:52:31.208295Z,price_change,0.74,SELL,-200,0.65,0.7
2026-01-03T20:52:31.208295Z,price_change,0.73,SELL,237,0.65,0.7
2026-01-03T20:52:31.210629Z,price_change,0.74,SELL,-1,0.65,0.7
2026-01-03T20:52:31.210629Z,price_change,0.73,SELL,1,0.65,0.7
2026-01-03T20:52:31.215168Z,price_change,0.55,BUY,-147,0.65,0.7
2026-01-03T20:52:31.225843Z,price_change,0.47,BUY,-8000,0.65,0.7
2026-01-03T20:52:31.275524Z,price_change,0.59,BUY,-97,0.65,0.7
2026-01-03T20:52:31.276471Z,price_change,0.7,SELL,-99,0.65,0.7
2026-01-03T20:52:31.286203Z,price_change,0.58,BUY,-99,0.65,0.7
2026-01-03T20:52:31.286621Z,price_change,0.45,BUY,8000,0.65,0.7
2026-01-03T20:52:31.288392Z,price_change,0.74,SELL,-99,0.65,0.7
2026-01-03T20:52:31.288576Z,price_change,0.69,BUY,10,0.69,0.7
2026-01-03T20:52:31.292087Z,price_change,0.51,BUY,143,0.69,0.7
2026-01-03T20:52:31.3424Z,price_change,0.59,BUY,1,0.69,0.7
2026-01-03T20:52:31.349392Z,price_change,0.71,SELL,-1,0.69,0.7
2026-01-03T20:52:31.349392Z,price_change,0.72,SELL,1,0.69,0.7
2026-01-03T20:52:31.364877Z,price_change,0.7,SELL,-200,0.69,0.72
2026-01-03T20:52:31.366576Z,price_change,0.51,BUY,-143,0.69,0.72
2026-01-03T20:52:31.366576Z,price_change,0.55,BUY,157,0.69,0.72
2026-01-03T20:52:31.37297Z,price_change,0.7,SELL,200,0.69,0.7
2026-01-03T20:52:31.375405Z,price_change,0.7,SELL,-200,0.69,0.72
2026-01-03T20:52:31.387422Z,price_change,0.72,SELL,200,0.69,0.72
2026-01-03T20:52:31.418516Z,price_change,0.66,BUY,4,0.69,0.72
2026-01-03T20:52:31.421073Z,price_change,0.56,BUY,1,0.69,0.72
2026-01-03T20:52:31.433368Z,price_change,0.65,BUY,-4,0.69,0.72
2026-01-03T20:52:31.433792Z,price_change,0.28,BUY,50,0.69,0.72
2026-01-03T20:52:31.434402Z,price_change,0.97,SELL,67,0.69,0.72
2026-01-03T20:52:31.434579Z,price_change,0.85,SELL,67,0.69,0.72
2026-01-03T20:52:31.434775Z,price_change,0.85,SELL,33,0.69,0.72
2026-01-03T20:52:31.435347Z,price_change,0.58,BUY,16,0.69,0.72
2026-01-03T20:52:31.436074Z,price_change,0.32,BUY,-112,0.69,0.72
2026-01-03T20:52:31.436345Z,price_change,0.95,SELL,16,0.69,0.72
2026-01-03T20:52:31.436488Z,price_change,0.84,SELL,67,0.69,0.72
2026-01-03T20:52:31.436809Z,price_change,0.84,SELL,67,0.69,0.72
2026-01-03T20:52:31.453711Z,price_change,0.73,SELL,-1,0.69,0.72
2026-01-03T20:52:31.453711Z,price_change,0.72,SELL,1,0.69,0.72
2026-01-03T20:52:31.475199Z,price_change,0.58,BUY,67,0.69,0.72
2026-01-03T20:52:31.528254Z,price_change,0.56,BUY,-99,0.69,0.72
2026-01-03T20:52:31.544758Z,price_change,0.69,BUY,-10,0.66,0.72
2026-01-03T20:52:31.548434Z,price_change,0.55,BUY,-157,0.66,0.72
2026-01-03T20:52:31.548434Z,price_change,0.51,BUY,200,0.66,0.72
2026-01-03T20:52:31.562573Z,price_change,0.73,SELL,-237,0.66,0.72
2026-01-03T20:52:31.562573Z,price_change,0.74,SELL,200,0.66,0.72
2026-01-03T20:52:31.564066Z,price_change,0.64,BUY,250,0.66,0.72
2026-01-03T20:52:31.565718Z,price_change,0.7,SELL,250,0.66,0.7
2026-01-03T20:52:31.572025Z,price_change,0.74,SELL,-200,0.66,0.7
2026-01-03T20:52:31.583031Z,price_change,0.72,SELL,-200,0.66,0.7
2026-01-03T20:52:31.585924Z,price_change,0.66,BUY,-4,0.65,0.7
2026-01-03T20:52:31.5864Z,price_change,0.59,BUY,59,0.65,0.7
2026-01-03T20:52:31.588347Z,price_change,0.72,SELL,-1,0.65,0.7
2026-01-03T20:52:31.588347Z,price_change,0.71,SELL,1,0.65,0.7
2026-01-03T20:52:31.592344Z,price_change,0.69,SELL,200,0.65,0.69
2026-01-03T20:52:31.605598Z,price_change,0.51,BUY,-200,0.65,0.69
2026-01-03T20:52:31.605598Z,price_change,0.6,BUY,272,0.65,0.69
2026-01-03T20:52:31.61146Z,price_change,0.45,BUY,-8000,0.65,0.69
2026-01-03T20:52:31.613975Z,price_change,0.58,BUY,-67,0.65,0.69
2026-01-03T20:52:31.621629Z,price_change,0.59,BUY,5,0.65,0.69
2026-01-03T20:52:31.636805Z,price_change,0.65,BUY,10,0.65,0.69
2026-01-03T20:52:31.637708Z,price_change,0.59,BUY,-5,0.65,0.69
2026-01-03T20:52:31.650259Z,price_change,0.52,BUY,8000,0.65,0.69
2026-01-03T20:52:31.652Z,price_change,0.65,BUY,67,0.65,0.69
2026-01-03T20:52:31.669772Z,price_change,0.65,BUY,4,0.65,0.69
2026-01-03T20:52:31.703012Z,price_change,0.67,BUY,5,0.67,0.69
2026-01-03T20:52:31.704225Z,price_change,0.6,BUY,-138,0.67,0.69
2026-01-03T20:52:31.715689Z,price_change,0.71,SELL,250,0.67,0.69
2026-01-03T20:52:31.717477Z,price_change,0.65,BUY,-4,0.67,0.69
2026-01-03T20:52:31.72819Z,price_change,0.71,SELL,-250,0.67,0.69
2026-01-03T20:52:31.72819Z,price_change,0.7,SELL,200,0.67,0.69
2026-01-03T20:52:31.86427Z,price_change,0.71,SELL,-1,0.67,0.69
2026-01-03T20:52:31.86427Z,price_change,0.7,SELL,1,0.67,0.69
2026-01-03T20:52:31.954909Z,price_change,0.65,BUY,-10,0.67,0.69
2026-01-03T20:52:31.983614Z,price_change,0.59,BUY,-1,0.67,0.69
2026-01-03T20:52:32.021462Z,price_change,0.59,BUY,-59,0.67,0.69
2026-01-03T20:52:32.049256Z,price_change,0.67,BUY,10,0.67,0.69
2026-01-03T20:52:32.097363Z,price_change,0.61,BUY,16,0.67,0.69
2026-01-03T20:52:32.143313Z,price_change,0.67,BUY,-10,0.67,0.69
2026-01-03T20:52:32.147763Z,price_change,0.6,BUY,-134,0.67,0.69
2026-01-03T20:52:32.147763Z,price_change,0.61,BUY,134,0.67,0.69
2026-01-03T20:52:32.24559Z,price_change,0.7,SELL,-1,0.67,0.69
2026-01-03T20:52:32.24559Z,price_change,0.69,SELL,1,0.67,0.69
2026-01-03T20:52:32.3865Z,price_change,0.84,SELL,-67,0.67,0.69
2026-01-03T20:52:32.38871Z,price_change,0.84,SELL,-67,0.67,0.69
2026-01-03T20:52:32.389829Z,price_change,0.85,SELL,-67,0.67,0.69
2026-01-03T20:52:32.422459Z,price_change,0.56,BUY,-1,0.67,0.69
2026-01-03T20:52:33.000358Z,price_change,0.78,SELL,67,0.67,0.69
2026-01-03T20:52:33.000841Z,price_change,0.77,SELL,67,0.67,0.69
2026-01-03T20:52:33.003553Z,price_change,0.77,SELL,67,0.67,0.69
2026-01-03T20:52:33.227138Z,price_change,0.61,BUY,-134,0.67,0.69
2026-01-03T20:52:33.227138Z,price_change,0.59,BUY,208,0.67,0.69
2026-01-03T20:52:33.28127Z,price_change,0.97,SELL,-67,0.67,0.69
2026-01-03T20:52:33.284768Z,price_change,0.85,SELL,-33,0.67,0.69
2026-01-03T20:52:33.285171Z,price_change,0.77,SELL,-67,0.67,0.69
2026-01-03T20:52:33.287549Z,price_change,0.28,BUY,-50,0.67,0.69
2026-01-03T20:52:33.28793Z,price_change,0.78,SELL,-67,0.67,0.69
2026-01-03T20:52:33.288156Z,price_change,0.95,SELL,76,0.67,0.69
2026-01-03T20:52:33.288957Z,price_change,0.77,SELL,-67,0.67,0.69
2026-01-03T20:52:33.293121Z,price_change,0.95,SELL,-16,0.67,0.69
2026-01-03T20:52:33.316608Z,price_change,0.72,SELL,-1,0.67,0.69
2026-01-03T20:52:33.316608Z,price_change,0.74,SELL,1,0.67,0.69
2026-01-03T20:52:33.354083Z,price_change,0.75,SELL,113,0.67,0.69
2026-01-03T20:52:33.356838Z,price_change,0.85,SELL,113,0.67,0.69
2026-01-03T20:52:33.356961Z,price_change,0.75,SELL,56,0.67,0.69
2026-01-03T20:52:33.357853Z,price_change,0.76,SELL,113,0.67,0.69
2026-01-03T20:52:33.358662Z,price_change,0.75,SELL,113,0.67,0.69
2026-01-03T20:52:33.359209Z,price_change,0.76,SELL,28,0.67,0.69
2026-01-03T20:52:33.360625Z,price_change,0.58,BUY,84,0.67,0.69
2026-01-03T20:52:33.364386Z,price_change,0.59,BUY,-208,0.67,0.69
2026-01-03T20:52:33.364386Z,price_change,0.61,BUY,226,0.67,0.69
2026-01-03T20:52:33.393652Z,price_change,0.7,SELL,-250,0.67,0.69
2026-01-03T20:52:33.395211Z,price_change,0.6799999999999999,SELL,250,0.67,0.6799999999999999
2026-01-03T20:52:33.407004Z,price_change,0.69,SELL,-200,0.67,0.6799999999999999
2026-01-03T20:52:33.41739Z,price_change,0.6799999999999999,SELL,184,0.67,0.6799999999999999
2026-01-03T20:52:33.432538Z,price_change,0.69,SELL,80,0.67,0.6799999999999999
2026-01-03T20:52:33.448822Z,price_change,0.7,SELL,-200,0.67,0.6799999999999999
2026-01-03T20:52:33.448822Z,price_change,0.73,SELL,168,0.67,0.6799999999999999
2026-01-03T20:52:33.717437Z,price_change,0.65,BUY,400,0.67,0.6799999999999999
2026-01-03T20:52:33.718988Z,price_change,0.64,BUY,-250,0.67,0.6799999999999999
2026-01-03T20:52:33.752262Z,price_change,0.61,BUY,274,0.67,0.6799999999999999
2026-01-03T20:52:33.755383Z,price_change,0.69,SELL,-80,0.67,0.6799999999999999
2026-01-03T20:52:33.757373Z,price_change,0.73,SELL,332,0.67,0.6799999999999999
2026-01-03T20:52:33.762008Z,price_change,0.69,SELL,-1,0.67,0.6799999999999999
2026-01-03T20:52:33.762008Z,price_change,0.72,SELL,1,0.67,0.6799999999999999
2026-01-03T20:52:33.782777Z,price_change,0.52,BUY,-8000,0.67,0.6799999999999999
2026-01-03T20:52:33.787896Z,price_change,0.65,BUY,-67,0.67,0.6799999999999999
2026-01-03T20:52:33.789043Z,price_change,0.73,SELL,-316,0.67,0.6799999999999999
2026-01-03T20:52:33.852367Z,price_change,0.73,SELL,-184,0.67,0.6799999999999999
2026-01-03T20:52:33.852367Z,price_change,0.71,SELL,184,0.67,0.6799999999999999
2026-01-03T20:52:33.865245Z,price_change,0.66,BUY,113,0.67,0.6799999999999999
2026-01-03T20:52:33.867071Z,price_change,0.53,BUY,8000,0.67,0.6799999999999999
2026-01-03T20:52:33.961001Z,price_change,0.61,BUY,-500,0.67,0.6799999999999999
2026-01-03T20:52:33.961001Z,price_change,0.62,BUY,226,0.67,0.6799999999999999
2026-01-03T20:52:34.002111Z,price_change,0.76,SELL,-69000,0.67,0.6799999999999999
2026-01-03T20:52:34.177676Z,price_change,0.72,SELL,-1,0.67,0.6799999999999999
2026-01-03T20:52:34.177676Z,price_change,0.7,SELL,1,0.67,0.6799999999999999
2026-01-03T20:52:34.2325Z,price_change,0.76,SELL,-28,0.67,0.6799999999999999
2026-01-03T20:52:34.247518Z,price_change,0.74,SELL,-1,0.67,0.6799999999999999
2026-01-03T20:52:34.247518Z,price_change,0.72,SELL,1,0.67,0.6799999999999999
2026-01-03T20:52:34.299881Z,price_change,0.95,SELL,28,0.67,0.6799999999999999
2026-01-03T20:52:36.200369Z,price_change,0.61,BUY,2222,0.67,0.6799999999999999
2026-01-03T20:52:36.201363Z,price_change,0.72,SELL,2222,0.67,0.6799999999999999
2026-01-03T20:52:36.219412Z,price_change,0.62,BUY,11,0.67,0.6799999999999999
2026-01-03T20:52:36.326745Z,price_change,0.58,BUY,-16,0.67,0.6799999999999999
2026-01-03T20:52:36.328671Z,price_change,0.67,BUY,56,0.67,0.6799999999999999
2026-01-03T20:52:36.335442Z,price_change,0.58,BUY,-84,0.67,0.6799999999999999
2026-01-03T20:52:36.353955Z,price_change,0.62,BUY,113,0.67,0.6799999999999999
2026-01-03T20:52:36.380732Z,price_change,0.67,BUY,-56,0.67,0.6799999999999999
2026-01-03T20:52:36.380842Z,price_change,0.62,BUY,84,0.67,0.6799999999999999
2026-01-03T20:52:36.381323Z,price_change,0.62,BUY,28,0.67,0.6799999999999999
2026-01-03T20:52:36.412463Z,price_change,0.62,BUY,-350,0.67,0.6799999999999999
2026-01-03T20:52:36.557879Z,price_change,0.72,SELL,-1,0.67,0.6799999999999999
2026-01-03T20:52:36.557879Z,price_change,0.71,SELL,1,0.67,0.6799999999999999
2026-01-03T20:52:38.34868Z,price_change,0.67,BUY,-5,0.66,0.6799999999999999
2026-01-03T20:52:38.34868Z,price_change,0.6699999999999999,SELL,695,0.66,0.6699999999999999
2026-01-03T20:52:38.360166Z,price_change,0.6799999999999999,SELL,-184,0.66,0.6699999999999999
2026-01-03T20:52:38.366204Z,price_change,0.87,SELL,-192,0.66,0.6699999999999999
2026-01-03T20:52:38.369066Z,price_change,0.85,SELL,165,0.66,0.6699999999999999
2026-01-03T20:52:38.370669Z,price_change,0.6699999999999999,SELL,184,0.66,0.6699999999999999
2026-01-03T20:52:38.375089Z,price_change,0.71,SELL,-184,0.66,0.6699999999999999
2026-01-03T20:52:38.406684Z,price_change,0.7,SELL,-1,0.66,0.6699999999999999
2026-01-03T20:52:38.406684Z,price_change,0.6799999999999999,SELL,1,0.66,0.6699999999999999
2026-01-03T20:52:38.520442Z,price_change,0.85,SELL,-113,0.66,0.6699999999999999
2026-01-03T20:52:38.52201Z,price_change,0.71,SELL,-1,0.66,0.6699999999999999
2026-01-03T20:52:38.52201Z,price_change,0.6799999999999999,SELL,1,0.66,0.6699999999999999
2026-01-03T20:52:38.576677Z,price_change,0.84,SELL,113,0.66,0.6699999999999999
2026-01-03T20:52:38.879297Z,price_change,0.79,SELL,-4,0.66,0.6699999999999999
2026-01-03T20:52:38.937944Z,price_change,0.76,SELL,-113,0.66,0.6699999999999999
2026-01-03T20:52:38.93837Z,price_change,0.75,SELL,-113,0.66,0.6699999999999999
2026-01-03T20:52:39.006336Z,price_change,0.65,BUY,-400,0.66,0.6699999999999999
2026-01-03T20:52:39.007978Z,price_change,0.6799999999999999,SELL,-250,0.66,0.6699999999999999
2026-01-03T20:52:39.036256Z,price_change,0.61,BUY,-16,0.66,0.6699999999999999
2026-01-03T20:52:39.044178Z,price_change,0.62,BUY,329,0.66,0.6699999999999999
2026-01-03T20:52:39.050637Z,price_change,0.62,BUY,16,0.66,0.6699999999999999
2026-01-03T20:52:39.081807Z,price_change,0.62,BUY,-16,0.66,0.6699999999999999
2026-01-03T20:52:39.100888Z,price_change,0.61,BUY,16,0.66,0.6699999999999999
2026-01-03T20:52:39.122563Z,price_change,0.53,BUY,-8000,0.66,0.6699999999999999
2026-01-03T20:52:39.122744Z,price_change,0.66,BUY,-113,0.65,0.6699999999999999
2026-01-03T20:52:39.124482Z,price_change,0.66,BUY,56,0.66,0.6699999999999999
2026-01-03T20:52:39.124544Z,price_change,0.74,SELL,113,0.66,0.6699999999999999
2026-01-03T20:52:39.135637Z,price_change,0.6699999999999999,SELL,-184,0.66,0.6699999999999999
2026-01-03T20:52:39.155113Z,price_change,0.6699999999999999,SELL,184,0.66,0.6699999999999999
2026-01-03T20:52:39.165907Z,price_change,0.64,BUY,500,0.66,0.6699999999999999
2026-01-03T20:52:39.167366Z,price_change,0.6699999999999999,SELL,500,0.66,0.6699999999999999
2026-01-03T20:52:39.175337Z,price_change,0.6799999999999999,SELL,-1,0.66,0.6699999999999999
2026-01-03T20:52:39.175337Z,price_change,0.71,SELL,1,0.66,0.6699999999999999
2026-01-03T20:52:39.179125Z,price_change,0.62,BUY,-329,0.66,0.6699999999999999
2026-01-03T20:52:39.184001Z,price_change,0.61,BUY,-16,0.66,0.6699999999999999
2026-01-03T20:52:39.193724Z,price_change,0.66,BUY,-56,0.65,0.6699999999999999
2026-01-03T20:52:39.194207Z,price_change,0.63,BUY,113,0.65,0.6699999999999999
2026-01-03T20:52:39.195815Z,price_change,0.5,BUY,8000,0.65,0.6699999999999999
2026-01-03T20:52:39.199624Z,price_change,0.6,BUY,16,0.65,0.6699999999999999
2026-01-03T20:52:39.206666Z,price_change,0.6699999999999999,SELL,-184,0.65,0.6699999999999999
2026-01-03T20:52:39.214863Z,price_change,0.6599999999999999,SELL,184,0.65,0.6599999999999999
2026-01-03T20:52:39.215989Z,price_change,0.6799999999999999,SELL,-1,0.65,0.6599999999999999
2026-01-03T20:52:39.215989Z,price_change,0.71,SELL,1,0.65,0.6599999999999999
2026-01-03T20:52:39.333369Z,price_change,0.5,BUY,-8000,0.65,0.6599999999999999
2026-01-03T20:52:39.334646Z,price_change,0.63,BUY,-113,0.65,0.6599999999999999
2026-01-03T20:52:39.402908Z,price_change,0.52,BUY,8000,0.65,0.6599999999999999
2026-01-03T20:52:39.405242Z,price_change,0.65,BUY,113,0.65,0.6599999999999999
2026-01-03T20:52:39.506611Z,price_change,0.95,SELL,-28,0.65,0.6599999999999999
2026-01-03T20:52:39.507068Z,price_change,0.75,SELL,-113,0.65,0.6599999999999999
2026-01-03T20:52:39.507407Z,price_change,0.74,SELL,-113,0.65,0.6599999999999999
2026-01-03T20:52:39.507847Z,price_change,0.84,SELL,-113,0.65,0.6599999999999999
2026-01-03T20:52:39.508003Z,price_change,0.75,SELL,-56,0.65,0.6599999999999999
2026-01-03T20:52:39.508253Z,price_change,0.99,SELL,4000,0.65,0.6599999999999999
2026-01-03T20:52:39.508794Z,price_change,0.62,BUY,-84,0.65,0.6599999999999999
2026-01-03T20:52:39.509245Z,price_change,0.43,BUY,-4000,0.65,0.6599999999999999
2026-01-03T20:52:39.510236Z,price_change,0.52,BUY,-8000,0.65,0.6599999999999999
2026-01-03T20:52:39.587071Z,price_change,0.71,SELL,-1,0.65,0.6599999999999999
2026-01-03T20:52:39.587071Z,price_change,0.6699999999999999,SELL,1,0.65,0.6599999999999999
2026-01-03T20:52:39.653434Z,price_change,0.72,SELL,28,0.65,0.6599999999999999
2026-01-03T20:52:39.656111Z,price_change,0.32,BUY,4000,0.65,0.6599999999999999
2026-01-03T20:52:39.656768Z,price_change,0.61,BUY,84,0.65,0.6599999999999999
2026-01-03T20:52:39.657745Z,price_change,0.7,SELL,113,0.65,0.6599999999999999
2026-01-03T20:52:39.659031Z,price_change,0.71,SELL,113,0.65,0.6599999999999999
2026-01-03T20:52:39.661882Z,price_change,0.71,SELL,56,0.65,0.6599999999999999
2026-01-03T20:52:39.66228Z,price_change,0.51,BUY,8000,0.65,0.6599999999999999
2026-01-03T20:52:39.662794Z,price_change,0.74,SELL,113,0.65,0.6599999999999999
2026-01-03T20:52:39.66286Z,price_change,0.7,SELL,113,0.65,0.6599999999999999
2026-01-03T20:52:39.736177Z,price_change,0.7,SELL,-113,0.65,0.6599999999999999
2026-01-03T20:52:39.76633Z,price_change,0.71,SELL,-1,0.65,0.6599999999999999
2026-01-03T20:52:39.76633Z,price_change,0.6699999999999999,SELL,1,0.65,0.6599999999999999
2026-01-03T20:52:39.791867Z,price_change,0.61,BUY,-84,0.65,0.6599999999999999
2026-01-03T20:52:39.793068Z,price_change,0.7,SELL,-113,0.65,0.6599999999999999
2026-01-03T20:52:39.858343Z,price_change,0.71,SELL,113,0.65,0.6599999999999999
2026-01-03T20:52:39.858872Z,price_change,0.72,SELL,113,0.65,0.6599999999999999
2026-01-03T20:52:39.860952Z,price_change,0.62,BUY,84,0.65,0.6599999999999999
2026-01-03T20:52:39.959728Z,price_change,0.62,BUY,690,0.65,0.6599999999999999
2026-01-03T20:52:39.961288Z,price_change,0.71,SELL,690,0.65,0.6599999999999999
2026-01-03T20:52:40.558113Z,price_change,0.74,SELL,200,0.65,0.6599999999999999
2026-01-03T20:52:40.613406Z,price_change,0.74,SELL,-113,0.65,0.6599999999999999
2026-01-03T20:52:40.745694Z,price_change,0.75,SELL,113,0.65,0.6599999999999999
2026-01-03T20:52:41.029546Z,price_change,0.65,BUY,10,0.65,0.6599999999999999
2026-01-03T20:52:41.083627Z,price_change,0.72,SELL,-28,0.65,0.6599999999999999
2026-01-03T20:52:41.139652Z,price_change,0.95,SELL,28,0.65,0.6599999999999999
2026-01-03T20:52:42.138097Z,price_change,0.6599999999999999,SELL,-100,0.65,0.6599999999999999
2026-01-03T20:52:42.152286Z,price_change,0.6599999999999999,SELL,-84,0.65,0.6699999999999999
2026-01-03T20:52:42.153798Z,price_change,0.6,BUY,-16,0.65,0.6699999999999999
2026-01-03T20:52:42.164144Z,price_change,0.6699999999999999,SELL,134,0.65,0.6699999999999999
2026-01-03T20:52:42.165283Z,price_change,0.62,BUY,66,0.65,0.6699999999999999
2026-01-03T20:52:42.195807Z,price_change,0.99,SELL,-4000,0.65,0.6699999999999999
2026-01-03T20:52:42.196167Z,price_change,0.51,BUY,-8000,0.65,0.6699999999999999
2026-01-03T20:52:42.196537Z,price_change,0.71,SELL,-56,0.65,0.6699999999999999
2026-01-03T20:52:42.233969Z,price_change,0.72,SELL,56,0.65,0.6699999999999999
2026-01-03T20:52:42.236637Z,price_change,0.52,BUY,8000,0.65,0.6699999999999999
2026-01-03T20:52:42.241918Z,price_change,0.65,BUY,-10,0.65,0.6699999999999999
2026-01-03T20:52:42.443149Z,price_change,0.65,BUY,10,0.65,0.6699999999999999
2026-01-03T20:52:44.646036Z,price_change,0.6699999999999999,SELL,-695,0.65,0.6699999999999999
2026-01-03T20:52:44.806794Z,price_change,0.71,SELL,-113,0.65,0.6699999999999999
2026-01-03T20:52:44.84818Z,price_change,0.65,BUY,-10,0.65,0.6699999999999999
2026-01-03T20:52:45.257135Z,price_change,0.65,BUY,-10,0.65,0.6699999999999999
2026-01-03T20:52:45.257135Z,price_change,0.65,BUY,-113,0.64,0.6699999999999999
2026-01-03T20:52:45.257135Z,price_change,0.64,BUY,-500,0.62,0.6699999999999999
2026-01-03T20:52:45.257135Z,price_change,0.62,BUY,-28,0.62,0.6699999999999999
2026-01-03T20:52:45.257135Z,price_change,0.62,BUY,-84,0.62,0.6699999999999999
2026-01-03T20:52:45.257135Z,price_change,0.62,BUY,-690,0.62,0.6699999999999999
2026-01-03T20:52:45.257135Z,price_change,0.62,BUY,-66,0.61,0.6699999999999999
2026-01-03T20:52:45.257135Z,price_change,0.61,BUY,-2222,0.55,0.6699999999999999
2026-01-03T20:52:45.264209Z,price_change,0.62,BUY,66,0.62,0.6699999999999999
2026-01-03T20:52:45.267106Z,price_change,0.6699999999999999,SELL,-134,0.62,0.6699999999999999
2026-01-03T20:52:45.26852Z,price_change,0.62,BUY,-66,0.55,0.6699999999999999
2026-01-03T20:52:45.284467Z,price_change,0.56,BUY,75,0.56,0.6699999999999999
2026-01-03T20:52:45.285799Z,price_change,0.6599999999999999,SELL,200,0.56,0.6599999999999999
2026-01-03T20:52:45.287935Z,price_change,0.88,SELL,-618,0.56,0.6599999999999999
2026-01-03T20:52:45.291021Z,price_change,0.7,SELL,606,0.56,0.6599999999999999
2026-01-03T20:52:45.300955Z,price_change,0.56,BUY,-75,0.55,0.6599999999999999
2026-01-03T20:52:45.30516Z,price_change,0.56,BUY,59,0.56,0.6599999999999999
2026-01-03T20:52:45.306797Z,price_change,0.6599999999999999,SELL,29,0.56,0.6599999999999999
2026-01-03T20:52:45.348908Z,price_change,0.56,BUY,2000,0.56,0.6599999999999999
2026-01-03T20:52:45.354122Z,price_change,0.56,BUY,-2000,0.56,0.6599999999999999
2026-01-03T20:52:45.441506Z,price_change,0.64,BUY,500,0.64,0.6599999999999999
2026-01-03T20:52:45.495718Z,price_change,0.71,SELL,-113,0.64,0.6599999999999999
2026-01-03T20:52:45.497414Z,price_change,0.52,BUY,-8000,0.64,0.6599999999999999
2026-01-03T20:52:45.528819Z,price_change,0.65,BUY,100,0.65,0.6599999999999999
2026-01-03T20:52:45.537327Z,price_change,0.64,BUY,-500,0.65,0.6599999999999999
2026-01-03T20:52:45.570121Z,price_change,0.57,BUY,500,0.65,0.6599999999999999
2026-01-03T20:52:45.571304Z,price_change,0.74,SELL,-200,0.65,0.6599999999999999
2026-01-03T20:52:45.574743Z,price_change,0.95,SELL,-28,0.65,0.6599999999999999
2026-01-03T20:52:45.576336Z,price_change,0.99,SELL,4000,0.65,0.6599999999999999
2026-01-03T20:52:45.577909Z,price_change,0.72,SELL,-56,0.65,0.6599999999999999
2026-01-03T20:52:45.581958Z,price_change,0.75,SELL,-113,0.65,0.6599999999999999
2026-01-03T20:52:45.614241Z,price_change,0.74,SELL,55,0.65,0.6599999999999999
2026-01-03T20:52:45.627254Z,price_change,0.6699999999999999,SELL,-1,0.65,0.6599999999999999
2026-01-03T20:52:45.627254Z,price_change,0.6599999999999999,SELL,1,0.65,0.6599999999999999
2026-01-03T20:52:45.635285Z,price_change,0.6599999999999999,SELL,500,0.65,0.6599999999999999
2026-01-03T20:52:45.636099Z,price_change,0.28,BUY,28,0.65,0.6599999999999999
2026-01-03T20:52:45.636431Z,price_change,0.74,SELL,113,0.65,0.6599999999999999
2026-01-03T20:52:45.637108Z,price_change,0.28,BUY,84,0.65,0.6599999999999999
2026-01-03T20:52:45.637818Z,price_change,0.65,BUY,113,0.65,0.6599999999999999
2026-01-03T20:52:45.637853Z,price_change,0.71,SELL,56,0.65,0.6599999999999999
2026-01-03T20:52:45.638024Z,price_change,0.72,SELL,-113,0.65,0.6599999999999999
2026-01-03T20:52:45.63859Z,price_change,0.72,SELL,28,0.65,0.6599999999999999
2026-01-03T20:52:45.639119Z,price_change,0.43,BUY,8000,0.65,0.6599999999999999
2026-01-03T20:52:45.672525Z,price_change,0.6699999999999999,SELL,-500,0.65,0.6599999999999999
2026-01-03T20:52:45.772303Z,price_change,0.56,BUY,-59,0.65,0.6599999999999999
2026-01-03T20:52:45.773185Z,price_change,0.6599999999999999,SELL,-29,0.65,0.6599999999999999
2026-01-03T20:52:45.808808Z,price_change,0.7,SELL,69000,0.65,0.6599999999999999
2026-01-03T20:52:45.830523Z,price_change,0.43,BUY,-8000,0.65,0.6599999999999999
2026-01-03T20:52:45.831191Z,price_change,0.7,SELL,113,0.65,0.6599999999999999
2026-01-03T20:52:45.832028Z,price_change,0.7,SELL,113,0.65,0.6599999999999999
2026-01-03T20:52:45.834644Z,price_change,0.71,SELL,113,0.65,0.6599999999999999
2026-01-03T20:52:45.839627Z,price_change,0.57,BUY,-174,0.65,0.6599999999999999
2026-01-03T20:52:45.878984Z,price_change,0.57,BUY,-326,0.65,0.6599999999999999
2026-01-03T20:52:45.879248Z,price_change,0.45,BUY,8000,0.65,0.6599999999999999
2026-01-03T20:52:45.940178Z,price_change,0.99,SELL,-4000,0.65,0.6599999999999999
2026-01-03T20:52:45.940226Z,price_change,0.45,BUY,-8000,0.65,0.6599999999999999
2026-01-03T20:52:45.968023Z,price_change,0.65,BUY,-100,0.65,0.6599999999999999
2026-01-03T20:52:45.968023Z,price_change,0.65,BUY,-113,0.55,0.6599999999999999
2026-01-03T20:52:45.978969Z,price_change,0.6599999999999999,SELL,-200,0.55,0.6599999999999999
2026-01-03T20:52:45.993786Z,price_change,0.65,SELL,200,0.55,0.65
2026-01-03T20:52:46.002147Z,price_change,0.43,BUY,8000,0.55,0.65
2026-01-03T20:52:46.004109Z,price_change,0.98,SELL,4000,0.55,0.65
2026-01-03T20:52:46.018999Z,price_change,0.7,SELL,-113,0.55,0.65
2026-01-03T20:52:46.020254Z,price_change,0.56,BUY,113,0.56,0.65
2026-01-03T20:52:46.02134Z,price_change,0.74,SELL,-113,0.56,0.65
2026-01-03T20:52:46.021447Z,price_change,0.72,SELL,-28,0.56,0.65
2026-01-03T20:52:46.021602Z,price_change,0.71,SELL,-56,0.56,0.65
2026-01-03T20:52:46.022243Z,price_change,0.7,SELL,-113,0.56,0.65
2026-01-03T20:52:46.023001Z,price_change,0.56,BUY,32,0.56,0.65
2026-01-03T20:52:46.02429Z,price_change,0.65,SELL,99,0.56,0.65
2026-01-03T20:52:46.038726Z,price_change,0.98,SELL,-4000,0.56,0.65
2026-01-03T20:52:46.04814Z,price_change,0.51,BUY,439,0.56,0.65
2026-01-03T20:52:46.054619Z,price_change,0.71,SELL,113,0.56,0.65
2026-01-03T20:52:46.055831Z,price_change,0.72,SELL,56,0.56,0.65
2026-01-03T20:52:46.055898Z,price_change,0.95,SELL,28,0.56,0.65
2026-01-03T20:52:46.056841Z,price_change,0.75,SELL,113,0.56,0.65
2026-01-03T20:52:46.061232Z,price_change,0.72,SELL,113,0.56,0.65
2026-01-03T20:52:46.090415Z,price_change,0.51,BUY,-114,0.56,0.65
2026-01-03T20:52:46.111586Z,price_change,0.6599999999999999,SELL,-1,0.56,0.65
2026-01-03T20:52:46.189947Z,price_change,0.51,BUY,-225,0.56,0.65
2026-01-03T20:52:46.278678Z,price_change,0.6699999999999999,SELL,-1,0.56,0.65
2026-01-03T20:52:46.278678Z,price_change,0.69,SELL,1,0.56,0.65
2026-01-03T20:52:46.302715Z,price_change,0.51,BUY,226,0.56,0.65
2026-01-03T20:52:46.410435Z,price_change,0.51,BUY,-226,0.56,0.65
2026-01-03T20:52:46.456735Z,price_change,0.99,SELL,4000,0.56,0.65
2026-01-03T20:52:46.513065Z,price_change,0.72,SELL,-56,0.56,0.65
2026-01-03T20:52:46.52049Z,price_change,0.56,BUY,-32,0.56,0.65
2026-01-03T20:52:46.522322Z,price_change,0.65,SELL,-99,0.56,0.65
2026-01-03T20:52:46.563587Z,price_change,0.71,SELL,56,0.56,0.65
2026-01-03T20:52:46.566658Z,price_change,0.57,BUY,59,0.57,0.65
2026-01-03T20:52:46.56848Z,price_change,0.64,SELL,98,0.57,0.64
2026-01-03T20:52:46.580147Z,price_change,0.65,SELL,-200,0.57,0.64
2026-01-03T20:52:46.588989Z,price_change,0.64,SELL,200,0.57,0.64
2026-01-03T20:52:46.594018Z,price_change,0.64,SELL,-200,0.57,0.64
2026-01-03T20:52:46.594649Z,price_change,0.51,BUY,-100,0.57,0.64
2026-01-03T20:52:46.599233Z,price_change,0.6599999999999999,SELL,259,0.57,0.64
2026-01-03T20:52:46.605645Z,price_change,0.64,SELL,200,0.57,0.64
2026-01-03T20:52:46.61046Z,price_change,0.64,SELL,-200,0.57,0.64
2026-01-03T20:52:46.620353Z,price_change,0.64,SELL,200,0.57,0.64
2026-01-03T20:52:46.623056Z,price_change,0.64,SELL,-200,0.57,0.64
2026-01-03T20:52:46.624256Z,price_change,0.95,SELL,-28,0.57,0.64
2026-01-03T20:52:46.628354Z,price_change,0.6599999999999999,SELL,-259,0.57,0.64
2026-01-03T20:52:46.634441Z,price_change,0.64,SELL,200,0.57,0.64
2026-01-03T20:52:46.637014Z,price_change,0.64,SELL,-200,0.57,0.64
2026-01-03T20:52:46.644634Z,price_change,0.64,SELL,200,0.57,0.64
2026-01-03T20:52:46.647185Z,price_change,0.64,SELL,-200,0.57,0.64
2026-01-03T20:52:46.650726Z,price_change,0.57,BUY,72,0.57,0.64
2026-01-03T20:52:46.65254Z,price_change,0.64,SELL,72,0.57,0.64
2026-01-03T20:52:46.655484Z,price_change,0.6599999999999999,SELL,259,0.57,0.64
2026-01-03T20:52:46.660768Z,price_change,0.65,SELL,200,0.57,0.64
2026-01-03T20:52:46.662991Z,price_change,0.65,SELL,-200,0.57,0.64
2026-01-03T20:52:46.674409Z,price_change,0.63,SELL,200,0.57,0.63
2026-01-03T20:52:46.67548Z,price_change,0.6599999999999999,SELL,-259,0.57,0.63
2026-01-03T20:52:46.685416Z,price_change,0.72,SELL,28,0.57,0.63
2026-01-03T20:52:46.699321Z,price_change,0.56,BUY,-113,0.57,0.63
2026-01-03T20:52:46.705128Z,price_change,0.65,SELL,264,0.57,0.63
2026-01-03T20:52:46.727147Z,price_change,0.69,SELL,-1,0.57,0.63
2026-01-03T20:52:46.727147Z,price_change,0.64,SELL,1,0.57,0.63
2026-01-03T20:52:46.742613Z,price_change,0.58,BUY,1,0.58,0.63
2026-01-03T20:52:46.761795Z,price_change,0.72,SELL,-28,0.58,0.63
2026-01-03T20:52:46.761978Z,price_change,0.58,BUY,113,0.58,0.63
2026-01-03T20:52:46.766034Z,price_change,0.64,SELL,1,0.58,0.63
2026-01-03T20:52:46.779372Z,price_change,0.6599999999999999,SELL,-500,0.58,0.63
2026-01-03T20:52:46.822152Z,price_change,0.58,BUY,-1,0.58,0.63
2026-01-03T20:52:46.918757Z,price_change,0.72,SELL,28,0.58,0.63
2026-01-03T20:52:46.988737Z,price_change,0.51,BUY,130,0.58,0.63
2026-01-03T20:52:47.001151Z,price_change,0.64,SELL,-98,0.58,0.63
2026-01-03T20:52:47.001151Z,price_change,0.57,BUY,-72,0.58,0.63
2026-01-03T20:52:47.001151Z,price_change,0.64,SELL,-72,0.58,0.63
2026-01-03T20:52:47.001151Z,price_change,0.57,BUY,-59,0.58,0.63
2026-01-03T20:52:47.00365Z,price_change,0.51,BUY,98,0.58,0.63
2026-01-03T20:52:47.058512Z,price_change,0.58,BUY,-113,0.55,0.63
2026-01-03T20:52:47.067052Z,price_change,0.65,SELL,-264,0.55,0.63
2026-01-03T20:52:47.067052Z,price_change,0.69,SELL,200,0.55,0.63
2026-01-03T20:52:47.084252Z,price_change,0.69,SELL,-200,0.55,0.63
2026-01-03T20:52:47.099119Z,price_change,0.56,BUY,113,0.56,0.63
2026-01-03T20:52:47.119888Z,price_change,0.56,BUY,118,0.56,0.63
2026-01-03T20:52:47.128367Z,price_change,0.75,SELL,-113,0.56,0.63
2026-01-03T20:52:47.183037Z,price_change,0.56,BUY,-113,0.56,0.63
2026-01-03T20:52:47.183083Z,price_change,0.74,SELL,113,0.56,0.63
2026-01-03T20:52:47.183733Z,price_change,0.51,BUY,-114,0.56,0.63
2026-01-03T20:52:47.193358Z,price_change,0.72,SELL,-2222,0.56,0.63
2026-01-03T20:52:47.196205Z,price_change,0.71,SELL,-690,0.56,0.63
2026-01-03T20:52:47.21275Z,price_change,0.51,BUY,142,0.56,0.63
2026-01-03T20:52:47.242306Z,price_change,0.57,BUY,113,0.57,0.63
2026-01-03T20:52:47.260126Z,price_change,0.72,SELL,-113,0.57,0.63
2026-01-03T20:52:47.262783Z,price_change,0.71,SELL,-113,0.57,0.63
2026-01-03T20:52:47.262894Z,price_change,0.71,SELL,-56,0.57,0.63
2026-01-03T20:52:47.263473Z,price_change,0.71,SELL,-113,0.57,0.63
2026-01-03T20:52:47.263796Z,price_change,0.72,SELL,-28,0.57,0.63
2026-01-03T20:52:47.282797Z,price_change,0.64,SELL,-1,0.57,0.63
2026-01-03T20:52:47.282797Z,price_change,0.62,SELL,1,0.57,0.62
2026-01-03T20:52:47.297975Z,price_change,0.63,SELL,-200,0.57,0.62
2026-01-03T20:52:47.301508Z,price_change,0.51,BUY,-112,0.57,0.62
2026-01-03T20:52:47.30398Z,price_change,0.73,SELL,113,0.57,0.62
2026-01-03T20:52:47.308404Z,price_change,0.95,SELL,28,0.57,0.62
2026-01-03T20:52:47.309125Z,price_change,0.74,SELL,56,0.57,0.62
2026-01-03T20:52:47.309474Z,price_change,0.62,SELL,200,0.57,0.62
2026-01-03T20:52:47.30963Z,price_change,0.73,SELL,113,0.57,0.62
2026-01-03T20:52:47.312045Z,price_change,0.62,SELL,-200,0.57,0.62
2026-01-03T20:52:47.313665Z,price_change,0.74,SELL,113,0.57,0.62
2026-01-03T20:52:47.325633Z,price_change,0.62,SELL,200,0.57,0.62
2026-01-03T20:52:47.328391Z,price_change,0.62,SELL,-200,0.57,0.62
2026-01-03T20:52:47.339205Z,price_change,0.62,SELL,200,0.57,0.62
2026-01-03T20:52:47.342006Z,price_change,0.62,SELL,-200,0.57,0.62
2026-01-03T20:52:47.34991Z,price_change,0.64,SELL,-1,0.57,0.62
2026-01-03T20:52:47.34991Z,price_change,0.62,SELL,1,0.57,0.62
2026-01-03T20:52:47.359876Z,price_change,0.63,SELL,200,0.57,0.62
2026-01-03T20:52:47.361187Z,price_change,0.63,SELL,-200,0.57,0.62
2026-01-03T20:52:47.376414Z,price_change,0.62,SELL,200,0.57,0.62
2026-01-03T20:52:47.377626Z,price_change,0.62,SELL,-200,0.57,0.62
2026-01-03T20:52:47.381658Z,price_change,0.59,BUY,10,0.59,0.62
2026-01-03T20:52:47.383001Z,price_change,0.6,BUY,5,0.6,0.62
2026-01-03T20:52:47.389822Z,price_change,0.62,SELL,200,0.6,0.62
2026-01-03T20:52:47.396021Z,price_change,0.69,SELL,299,0.6,0.62
2026-01-03T20:52:47.400981Z,price_change,0.74,SELL,-55,0.6,0.62
2026-01-03T20:52:47.410058Z,price_change,0.62,SELL,-200,0.6,0.62
2026-01-03T20:52:47.416863Z,price_change,0.69,SELL,-299,0.6,0.62
2026-01-03T20:52:47.426799Z,price_change,0.62,SELL,200,0.6,0.62
2026-01-03T20:52:47.429447Z,price_change,0.62,SELL,-200,0.6,0.62
2026-01-03T20:52:47.441571Z,price_change,0.74,SELL,5,0.6,0.62
2026-01-03T20:52:47.441663Z,price_change,0.69,SELL,200,0.6,0.62
2026-01-03T20:52:47.442883Z,price_change,0.69,SELL,-200,0.6,0.62
2026-01-03T20:52:47.448822Z,price_change,0.69,SELL,200,0.6,0.62
2026-01-03T20:52:47.451884Z,price_change,0.69,SELL,-200,0.6,0.62
2026-01-03T20:52:47.454356Z,price_change,0.59,BUY,-10,0.6,0.62
2026-01-03T20:52:47.465983Z,price_change,0.6799999999999999,SELL,200,0.6,0.62
2026-01-03T20:52:47.467209Z,price_change,0.6799999999999999,SELL,-200,0.6,0.62
2026-01-03T20:52:47.476755Z,price_change,0.62,SELL,200,0.6,0.62
2026-01-03T20:52:47.478147Z,price_change,0.62,SELL,-200,0.6,0.62
2026-01-03T20:52:47.485777Z,price_change,0.69,SELL,299,0.6,0.62
2026-01-03T20:52:47.488736Z,price_change,0.62,SELL,200,0.6,0.62
2026-01-03T20:52:47.491111Z,price_change,0.62,SELL,-200,0.6,0.62
2026-01-03T20:52:47.492278Z,price_change,0.58,BUY,99,0.6,0.62
2026-01-03T20:52:47.493259Z,price_change,0.69,SELL,99,0.6,0.62
2026-01-03T20:52:47.500177Z,price_change,0.62,SELL,200,0.6,0.62
2026-01-03T20:52:47.503532Z,price_change,0.62,SELL,-200,0.6,0.62
2026-01-03T20:52:47.513768Z,price_change,0.62,SELL,200,0.6,0.62
2026-01-03T20:52:47.517569Z,price_change,0.62,SELL,-200,0.6,0.62
2026-01-03T20:52:47.527848Z,price_change,0.56,BUY,-118,0.6,0.62
2026-01-03T20:52:47.53138Z,price_change,0.61,SELL,200,0.6,0.61
2026-01-03T20:52:47.532862Z,price_change,0.61,SELL,-200,0.6,0.62
2026-01-03T20:52:47.540895Z,price_change,0.62,SELL,200,0.6,0.62
2026-01-03T20:52:47.540975Z,price_change,0.51,BUY,-144,0.6,0.62
2026-01-03T20:52:47.540975Z,price_change,0.56,BUY,150,0.6,0.62
2026-01-03T20:52:47.54208Z,price_change,0.62,SELL,-200,0.6,0.62
2026-01-03T20:52:47.556745Z,price_change,0.62,SELL,200,0.6,0.62
2026-01-03T20:52:47.570894Z,price_change,0.6,BUY,10,0.6,0.62
2026-01-03T20:52:47.574872Z,price_change,0.57,BUY,-113,0.6,0.62
2026-01-03T20:52:47.599416Z,price_change,0.69,SELL,-199,0.6,0.62
2026-01-03T20:52:47.618674Z,price_change,0.57,BUY,113,0.6,0.62
2026-01-03T20:52:47.631761Z,price_change,0.56,BUY,-150,0.6,0.62
2026-01-03T20:52:47.631761Z,price_change,0.51,BUY,179,0.6,0.62
2026-01-03T20:52:47.6377Z,price_change,0.69,SELL,-100,0.6,0.62
2026-01-03T20:52:47.6377Z,price_change,0.6799999999999999,SELL,201,0.6,0.62
2026-01-03T20:52:47.675279Z,price_change,0.61,BUY,5,0.61,0.62
2026-01-03T20:52:47.691917Z,price_change,0.57,BUY,-113,0.61,0.62
2026-01-03T20:52:47.694273Z,price_change,0.6,BUY,-5,0.61,0.62
2026-01-03T20:52:47.72714Z,price_change,0.62,SELL,-1,0.61,0.62
2026-01-03T20:52:47.72714Z,price_change,0.6799999999999999,SELL,1,0.61,0.62
2026-01-03T20:52:47.732369Z,price_change,0.62,SELL,-1,0.61,0.62
2026-01-03T20:52:47.732369Z,price_change,0.69,SELL,1,0.61,0.62
2026-01-03T20:52:47.741453Z,price_change,0.51,BUY,-179,0.61,0.62
2026-01-03T20:52:47.741453Z,price_change,0.57,BUY,100,0.61,0.62
2026-01-03T20:52:47.74647Z,price_change,0.62,SELL,-200,0.61,0.6799999999999999
2026-01-03T20:52:47.755205Z,price_change,0.62,SELL,200,0.61,0.62
2026-01-03T20:52:47.75746Z,price_change,0.56,BUY,113,0.61,0.62
2026-01-03T20:52:47.758089Z,price_change,0.62,SELL,-200,0.61,0.6799999999999999
2026-01-03T20:52:47.769722Z,price_change,0.6699999999999999,SELL,200,0.61,0.6699999999999999
2026-01-03T20:52:47.770083Z,price_change,0.6,BUY,-10,0.61,0.6699999999999999
2026-01-03T20:52:47.770798Z,price_change,0.6699999999999999,SELL,10,0.61,0.6699999999999999
2026-01-03T20:52:47.771084Z,price_change,0.6699999999999999,SELL,-200,0.61,0.6699999999999999
2026-01-03T20:52:47.781034Z,price_change,0.6699999999999999,SELL,200,0.61,0.6699999999999999
2026-01-03T20:52:47.789145Z,price_change,0.6699999999999999,SELL,95,0.61,0.6699999999999999
2026-01-03T20:52:47.803046Z,price_change,0.6699999999999999,SELL,-105,0.61,0.6699999999999999
2026-01-03T20:52:47.803046Z,price_change,0.6599999999999999,SELL,8,0.61,0.6599999999999999
2026-01-03T20:52:47.804109Z,price_change,0.6699999999999999,SELL,-200,0.61,0.6599999999999999
2026-01-03T20:52:47.807121Z,price_change,0.56,BUY,-113,0.61,0.6599999999999999
2026-01-03T20:52:47.821436Z,price_change,0.6599999999999999,SELL,200,0.61,0.6599999999999999
2026-01-03T20:52:47.823144Z,price_change,0.6599999999999999,SELL,-200,0.61,0.6599999999999999
2026-01-03T20:52:47.826575Z,price_change,0.6599999999999999,SELL,168,0.61,0.6599999999999999
2026-01-03T20:52:47.834905Z,price_change,0.6699999999999999,SELL,200,0.61,0.6599999999999999
2026-01-03T20:52:47.842097Z,price_change,0.6699999999999999,SELL,-200,0.61,0.6599999999999999
2026-01-03T20:52:47.852492Z,price_change,0.6599999999999999,SELL,-176,0.61,0.6799999999999999
2026-01-03T20:52:47.854886Z,price_change,0.6599999999999999,SELL,200,0.61,0.6599999999999999
2026-01-03T20:52:47.855374Z,price_change,0.6799999999999999,SELL,-201,0.61,0.6599999999999999
2026-01-03T20:52:47.855374Z,price_change,0.69,SELL,109,0.61,0.6599999999999999
2026-01-03T20:52:47.868945Z,price_change,0.58,BUY,113,0.61,0.6599999999999999
2026-01-03T20:52:47.870366Z,price_change,0.69,SELL,-109,0.61,0.6599999999999999
2026-01-03T20:52:47.914705Z,price_change,0.6599999999999999,SELL,-200,0.61,0.6799999999999999
2026-01-03T20:52:47.928184Z,price_change,0.61,BUY,-5,0.58,0.6799999999999999
2026-01-03T20:52:47.928496Z,price_change,0.65,SELL,200,0.58,0.65
2026-01-03T20:52:47.933468Z,price_change,0.65,SELL,-200,0.58,0.6799999999999999
2026-01-03T20:52:47.933645Z,price_change,0.6599999999999999,SELL,10,0.58,0.6599999999999999
2026-01-03T20:52:47.938295Z,price_change,0.6699999999999999,SELL,8,0.58,0.6599999999999999
2026-01-03T20:52:47.945833Z,price_change,0.6599999999999999,SELL,200,0.58,0.6599999999999999
2026-01-03T20:52:47.949952Z,price_change,0.6599999999999999,SELL,-10,0.58,0.6599999999999999
2026-01-03T20:52:47.951187Z,price_change,0.6599999999999999,SELL,-200,0.58,0.6699999999999999
2026-01-03T20:52:47.956971Z,price_change,0.6699999999999999,SELL,-8,0.58,0.6799999999999999
2026-01-03T20:52:47.96431Z,price_change,0.6699999999999999,SELL,200,0.58,0.6699999999999999
2026-01-03T20:52:47.968031Z,price_change,0.6699999999999999,SELL,-200,0.58,0.6799999999999999
2026-01-03T20:52:47.969004Z,price_change,0.59,BUY,4,0.59,0.6799999999999999
2026-01-03T20:52:47.983402Z,price_change,0.6799999999999999,SELL,200,0.59,0.6799999999999999
2026-01-03T20:52:47.986534Z,price_change,0.59,BUY,-4,0.58,0.6799999999999999
2026-01-03T20:52:48.000643Z,price_change,0.58,BUY,-99,0.58,0.6799999999999999
2026-01-03T20:52:48.000643Z,price_change,0.69,SELL,-99,0.58,0.6799999999999999
2026-01-03T20:52:48.009373Z,price_change,0.57,BUY,-100,0.58,0.6799999999999999
2026-01-03T20:52:48.009373Z,price_change,0.51,BUY,164,0.58,0.6799999999999999
2026-01-03T20:52:48.018462Z,price_change,0.58,BUY,50,0.58,0.6799999999999999
2026-01-03T20:52:48.031117Z,price_change,0.74,SELL,-113,0.58,0.6799999999999999
2026-01-03T20:52:48.033083Z,price_change,0.51,BUY,-64,0.58,0.6799999999999999
2026-01-03T20:52:48.056877Z,price_change,0.58,BUY,-113,0.58,0.6799999999999999
2026-01-03T20:52:48.057232Z,price_change,0.58,BUY,4,0.58,0.6799999999999999
2026-01-03T20:52:48.072511Z,price_change,0.6799999999999999,SELL,-1,0.58,0.6799999999999999
2026-01-03T20:52:48.072511Z,price_change,0.6699999999999999,SELL,1,0.58,0.6699999999999999
2026-01-03T20:52:48.076729Z,price_change,0.75,SELL,113,0.58,0.6699999999999999
2026-01-03T20:52:48.081938Z,price_change,0.51,BUY,50,0.58,0.6699999999999999
2026-01-03T20:52:48.085578Z,price_change,0.6799999999999999,SELL,-200,0.58,0.6699999999999999
2026-01-03T20:52:48.0994Z,price_change,0.6699999999999999,SELL,200,0.58,0.6699999999999999
2026-01-03T20:52:48.10295Z,price_change,0.6699999999999999,SELL,-200,0.58,0.6699999999999999
2026-01-03T20:52:48.103495Z,price_change,0.61,BUY,5,0.61,0.6699999999999999
2026-01-03T20:52:48.104152Z,price_change,0.56,BUY,113,0.61,0.6699999999999999
2026-01-03T20:52:48.114657Z,price_change,0.6799999999999999,SELL,200,0.61,0.6699999999999999
2026-01-03T20:52:48.117241Z,price_change,0.6799999999999999,SELL,-200,0.61,0.6699999999999999
2026-01-03T20:52:48.119454Z,price_change,0.58,BUY,-4,0.61,0.6699999999999999
2026-01-03T20:52:48.12453Z,price_change,0.51,BUY,-150,0.61,0.6699999999999999
2026-01-03T20:52:48.12453Z,price_change,0.56,BUY,100,0.61,0.6699999999999999
2026-01-03T20:52:48.13101Z,price_change,0.6699999999999999,SELL,200,0.61,0.6699999999999999
2026-01-03T20:52:48.132224Z,price_change,0.6699999999999999,SELL,-200,0.61,0.6699999999999999
2026-01-03T20:52:48.137525Z,price_change,0.61,BUY,-5,0.58,0.6699999999999999
2026-01-03T20:52:48.138582Z,price_change,0.6699999999999999,SELL,200,0.58,0.6699999999999999
2026-01-03T20:52:48.1412Z,price_change,0.6699999999999999,SELL,-200,0.58,0.6699999999999999
2026-01-03T20:52:48.143003Z,price_change,0.69,SELL,-1,0.58,0.6699999999999999
2026-01-03T20:52:48.143003Z,price_change,0.6699999999999999,SELL,1,0.58,0.6699999999999999
2026-01-03T20:52:48.155595Z,price_change,0.6699999999999999,SELL,200,0.58,0.6699999999999999
2026-01-03T20:52:48.156789Z,price_change,0.6699999999999999,SELL,-200,0.58,0.6699999999999999
2026-01-03T20:52:48.163662Z,price_change,0.6699999999999999,SELL,200,0.58,0.6699999999999999
2026-01-03T20:52:48.166201Z,price_change,0.6699999999999999,SELL,-200,0.58,0.6699999999999999
2026-01-03T20:52:48.177404Z,price_change,0.58,BUY,4,0.58,0.6699999999999999
2026-01-03T20:52:48.178716Z,price_change,0.69,SELL,200,0.58,0.6699999999999999
2026-01-03T20:52:48.179264Z,price_change,0.56,BUY,-113,0.58,0.6699999999999999
2026-01-03T20:52:48.17986Z,price_change,0.69,SELL,-200,0.58,0.6699999999999999
2026-01-03T20:52:48.181199Z,price_change,0.56,BUY,-100,0.58,0.6699999999999999
2026-01-03T20:52:48.181199Z,price_change,0.51,BUY,226,0.58,0.6699999999999999
2026-01-03T20:52:48.188831Z,price_change,0.69,SELL,200,0.58,0.6699999999999999
2026-01-03T20:52:48.191366Z,price_change,0.69,SELL,-200,0.58,0.6699999999999999
2026-01-03T20:52:48.194373Z,price_change,0.51,BUY,-126,0.58,0.6699999999999999
2026-01-03T20:52:48.205435Z,price_change,0.6799999999999999,SELL,200,0.58,0.6699999999999999
2026-01-03T20:52:48.207215Z,price_change,0.6799999999999999,SELL,-200,0.58,0.6699999999999999
2026-01-03T20:52:48.212555Z,price_change,0.51,BUY,50,0.58,0.6699999999999999
2026-01-03T20:52:48.215381Z,price_change,0.69,SELL,200,0.58,0.6699999999999999
2026-01-03T20:52:48.21668Z,price_change,0.69,SELL,-200,0.58,0.6699999999999999
2026-01-03T20:52:48.217723Z,price_change,0.61,BUY,5,0.61,0.6699999999999999
2026-01-03T20:52:48.226962Z,price_change,0.6699999999999999,SELL,200,0.61,0.6699999999999999
2026-01-03T20:52:48.228252Z,price_change,0.6699999999999999,SELL,-200,0.61,0.6699999999999999
2026-01-03T20:52:48.233132Z,price_change,0.58,BUY,-4,0.61,0.6699999999999999
2026-01-03T20:52:48.238636Z,price_change,0.6699999999999999,SELL,200,0.61,0.6699999999999999
2026-01-03T20:52:48.242143Z,price_change,0.51,BUY,-150,0.61,0.6699999999999999
2026-01-03T20:52:48.242143Z,price_change,0.56,BUY,100,0.61,0.6699999999999999
2026-01-03T20:52:48.243084Z,price_change,0.56,BUY,113,0.61,0.6699999999999999
2026-01-03T20:52:48.244416Z,price_change,0.6699999999999999,SELL,-200,0.61,0.6699999999999999
2026-01-03T20:52:48.250847Z,price_change,0.61,BUY,-5,0.58,0.6699999999999999
2026-01-03T20:52:48.2538Z,price_change,0.6599999999999999,SELL,200,0.58,0.6599999999999999
2026-01-03T20:52:48.256674Z,price_change,0.6599999999999999,SELL,-200,0.58,0.6699999999999999
2026-01-03T20:52:48.267215Z,price_change,0.6699999999999999,SELL,200,0.58,0.6699999999999999
2026-01-03T20:52:48.268361Z,price_change,0.6699999999999999,SELL,-200,0.58,0.6699999999999999
2026-01-03T20:52:48.269083Z,price_change,0.56,BUY,-100,0.58,0.6699999999999999
2026-01-03T20:52:48.269083Z,price_change,0.51,BUY,150,0.58,0.6699999999999999
2026-01-03T20:52:48.279567Z,price_change,0.69,SELL,200,0.58,0.6699999999999999
2026-01-03T20:52:48.280817Z,price_change,0.69,SELL,-200,0.58,0.6699999999999999
2026-01-03T20:52:48.289541Z,price_change,0.51,BUY,-50,0.58,0.6699999999999999
2026-01-03T20:52:48.29166Z,price_change,0.6699999999999999,SELL,200,0.58,0.6699999999999999
2026-01-03T20:52:48.293124Z,price_change,0.6699999999999999,SELL,-200,0.58,0.6699999999999999
2026-01-03T20:52:48.297359Z,price_change,0.59,BUY,4,0.59,0.6699999999999999
2026-01-03T20:52:48.300135Z,price_change,0.56,BUY,-113,0.59,0.6699999999999999
2026-01-03T20:52:48.303524Z,price_change,0.6699999999999999,SELL,200,0.59,0.6699999999999999
2026-01-03T20:52:48.308222Z,price_change,0.6699999999999999,SELL,-200,0.59,0.6699999999999999
2026-01-03T20:52:48.318993Z,price_change,0.6599999999999999,SELL,200,0.59,0.6599999999999999
2026-01-03T20:52:48.320379Z,price_change,0.6599999999999999,SELL,-200,0.59,0.6699999999999999
2026-01-03T20:52:48.330913Z,price_change,0.69,SELL,200,0.59,0.6699999999999999
2026-01-03T20:52:48.338911Z,price_change,0.56,BUY,113,0.59,0.6699999999999999
2026-01-03T20:52:48.341259Z,price_change,0.69,SELL,-200,0.59,0.6699999999999999
2026-01-03T20:52:48.341734Z,price_change,0.61,BUY,5,0.61,0.6699999999999999
2026-01-03T20:52:48.345136Z,price_change,0.6699999999999999,SELL,-1,0.61,0.6699999999999999
2026-01-03T20:52:48.345136Z,price_change,0.69,SELL,1,0.61,0.6699999999999999
2026-01-03T20:52:48.34543Z,price_change,0.51,BUY,178,0.61,0.6699999999999999
2026-01-03T20:52:48.353599Z,price_change,0.6799999999999999,SELL,200,0.61,0.6699999999999999
2026-01-03T20:52:48.355943Z,price_change,0.6799999999999999,SELL,-200,0.61,0.6699999999999999
2026-01-03T20:52:48.357509Z,price_change,0.59,BUY,-4,0.61,0.6699999999999999
2026-01-03T20:52:48.365224Z,price_change,0.6699999999999999,SELL,200,0.61,0.6699999999999999
2026-01-03T20:52:48.366793Z,price_change,0.6699999999999999,SELL,-200,0.61,0.6699999999999999
2026-01-03T20:52:48.36967Z,price_change,0.59,BUY,77,0.61,0.6699999999999999
2026-01-03T20:52:48.370643Z,price_change,0.69,SELL,77,0.61,0.6699999999999999
2026-01-03T20:52:48.37615Z,price_change,0.51,BUY,-278,0.61,0.6699999999999999
2026-01-03T20:52:48.37615Z,price_change,0.56,BUY,100,0.61,0.6699999999999999
2026-01-03T20:52:48.383084Z,price_change,0.6799999999999999,SELL,200,0.61,0.6699999999999999
2026-01-03T20:52:48.385755Z,price_change,0.6799999999999999,SELL,-200,0.61,0.6699999999999999
2026-01-03T20:52:48.39447Z,price_change,0.56,BUY,-100,0.61,0.6699999999999999
2026-01-03T20:52:48.39447Z,price_change,0.51,BUY,278,0.61,0.6699999999999999
2026-01-03T20:52:48.401622Z,price_change,0.6699999999999999,SELL,200,0.61,0.6699999999999999
2026-01-03T20:52:48.403009Z,price_change,0.6699999999999999,SELL,-200,0.61,0.6699999999999999
2026-01-03T20:52:48.419994Z,price_change,0.6799999999999999,SELL,200,0.61,0.6699999999999999
2026-01-03T20:52:48.429711Z,price_change,0.6799999999999999,SELL,-200,0.61,0.6699999999999999
2026-01-03T20:52:48.430073Z,price_change,0.56,BUY,-113,0.61,0.6699999999999999
2026-01-03T20:52:48.438337Z,price_change,0.6699999999999999,SELL,200,0.61,0.6699999999999999
2026-01-03T20:52:48.443185Z,price_change,0.6699999999999999,SELL,-200,0.61,0.6699999999999999
2026-01-03T20:52:48.456208Z,price_change,0.51,BUY,-278,0.61,0.6699999999999999
2026-01-03T20:52:48.456208Z,price_change,0.55,BUY,128,0.61,0.6699999999999999
2026-01-03T20:52:48.460531Z,price_change,0.6799999999999999,SELL,200,0.61,0.6699999999999999
2026-01-03T20:52:48.461717Z,price_change,0.6799999999999999,SELL,-200,0.61,0.6699999999999999
2026-01-03T20:52:48.471735Z,price_change,0.6799999999999999,SELL,200,0.61,0.6699999999999999
2026-01-03T20:52:48.472882Z,price_change,0.6799999999999999,SELL,-200,0.61,0.6699999999999999
2026-01-03T20:52:48.486276Z,price_change,0.6799999999999999,SELL,200,0.61,0.6699999999999999
2026-01-03T20:52:48.495123Z,price_change,0.6799999999999999,SELL,-200,0.61,0.6699999999999999
2026-01-03T20:52:48.508823Z,price_change,0.6799999999999999,SELL,200,0.61,0.6699999999999999
2026-01-03T20:52:48.519469Z,price_change,0.6799999999999999,SELL,-200,0.61,0.6699999999999999
2026-01-03T20:52:48.533922Z,price_change,0.6799999999999999,SELL,200,0.61,0.6699999999999999
2026-01-03T20:52:48.548635Z,price_change,0.6799999999999999,SELL,-200,0.61,0.6699999999999999
2026-01-03T20:52:48.553681Z,price_change,0.69,SELL,-1,0.61,0.6699999999999999
2026-01-03T20:52:48.553681Z,price_change,0.6799999999999999,SELL,1,0.61,0.6699999999999999
2026-01-03T20:52:48.559618Z,price_change,0.6699999999999999,SELL,200,0.61,0.6699999999999999
2026-01-03T20:52:48.562596Z,price_change,0.6699999999999999,SELL,-200,0.61,0.6699999999999999
2026-01-03T20:52:48.574385Z,price_change,0.6699999999999999,SELL,200,0.61,0.6699999999999999
2026-01-03T20:52:48.586078Z,price_change,0.56,BUY,113,0.61,0.6699999999999999
2026-01-03T20:52:48.656759Z,price_change,0.6799999999999999,SELL,-1,0.61,0.6699999999999999
2026-01-03T20:52:48.656759Z,price_change,0.69,SELL,1,0.61,0.6699999999999999
2026-01-03T20:52:48.663204Z,price_change,0.62,BUY,5,0.62,0.6699999999999999
2026-01-03T20:52:48.678807Z,price_change,0.61,BUY,-5,0.62,0.6699999999999999
2026-01-03T20:52:48.693705Z,price_change,0.52,BUY,250,0.62,0.6699999999999999
2026-01-03T20:52:48.695286Z,price_change,0.62,BUY,-5,0.59,0.6699999999999999
2026-01-03T20:52:48.695286Z,price_change,0.62,SELL,245,0.59,0.62
2026-01-03T20:52:48.695993Z,price_change,0.55,BUY,-128,0.59,0.62
2026-01-03T20:52:48.695993Z,price_change,0.58,BUY,100,0.59,0.62
2026-01-03T20:52:48.702415Z,price_change,0.6699999999999999,SELL,1,0.59,0.62
2026-01-03T20:52:48.704923Z,price_change,0.6699999999999999,SELL,-200,0.59,0.62
2026-01-03T20:52:48.712964Z,price_change,0.58,BUY,-100,0.59,0.62
2026-01-03T20:52:48.712964Z,price_change,0.55,BUY,158,0.59,0.62
2026-01-03T20:52:48.71379Z,price_change,0.62,SELL,200,0.59,0.62
2026-01-03T20:52:48.718941Z,price_change,0.6599999999999999,SELL,50,0.59,0.62
2026-01-03T20:52:48.721323Z,price_change,0.6599999999999999,SELL,200,0.59,0.62
2026-01-03T20:52:48.725271Z,price_change,0.62,SELL,-200,0.59,0.62
2026-01-03T20:52:48.729032Z,price_change,0.55,BUY,-158,0.59,0.62
2026-01-03T20:52:48.729032Z,price_change,0.53,BUY,108,0.59,0.62
2026-01-03T20:52:48.730105Z,price_change,0.6699999999999999,SELL,-1,0.59,0.62
2026-01-03T20:52:48.730105Z,price_change,0.69,SELL,1,0.59,0.62
2026-01-03T20:52:48.738787Z,price_change,0.61,SELL,200,0.59,0.61
2026-01-03T20:52:48.744936Z,price_change,0.6599999999999999,SELL,-200,0.59,0.61
2026-01-03T20:52:48.744936Z,price_change,0.65,SELL,200,0.59,0.61
2026-01-03T20:52:48.748891Z,price_change,0.6599999999999999,SELL,-50,0.59,0.61
2026-01-03T20:52:48.749424Z,price_change,0.56,BUY,-113,0.59,0.61
2026-01-03T20:52:48.763805Z,price_change,0.75,SELL,-516,0.59,0.61
2026-01-03T20:52:48.764958Z,price_change,0.42,BUY,-289,0.59,0.61
2026-01-03T20:52:48.799004Z,price_change,0.56,BUY,113,0.59,0.61
2026-01-03T20:52:48.821845Z,price_change,0.6699999999999999,SELL,-1,0.59,0.61
2026-01-03T20:52:48.825684Z,price_change,0.73,SELL,-113,0.59,0.61
2026-01-03T20:52:48.827123Z,price_change,0.73,SELL,-113,0.59,0.61
2026-01-03T20:52:48.827875Z,price_change,0.74,SELL,-56,0.59,0.61
2026-01-03T20:52:48.833462Z,price_change,0.75,SELL,-113,0.59,0.61
2026-01-03T20:52:48.835714Z,price_change,0.69,SELL,-1,0.59,0.61
2026-01-03T20:52:48.835714Z,price_change,0.65,SELL,1,0.59,0.61
2026-01-03T20:52:48.838767Z,price_change,0.74,SELL,-113,0.59,0.61
2026-01-03T20:52:48.876118Z,price_change,0.84,SELL,113,0.59,0.61
2026-01-03T20:52:48.876799Z,price_change,0.83,SELL,113,0.59,0.61
2026-01-03T20:52:48.876983Z,price_change,0.84,SELL,56,0.59,0.61
2026-01-03T20:52:48.877027Z,price_change,0.83,SELL,113,0.59,0.61
2026-01-03T20:52:48.87782Z,price_change,0.84,SELL,113,0.59,0.61
2026-01-03T20:52:48.892346Z,price_change,0.44,BUY,183,0.59,0.61
2026-01-03T20:52:48.937612Z,price_change,0.69,SELL,-1,0.59,0.61
2026-01-03T20:52:48.937612Z,price_change,0.65,SELL,1,0.59,0.61
2026-01-03T20:52:49.001114Z,price_change,0.69,SELL,-77,0.59,0.61
2026-01-03T20:52:49.001114Z,price_change,0.59,BUY,-77,0.58,0.61
2026-01-03T20:52:49.032546Z,price_change,0.53,BUY,-108,0.58,0.61
2026-01-03T20:52:49.302095Z,price_change,0.74,SELL,-5,0.58,0.61
2026-01-03T20:52:49.383904Z,price_change,0.65,SELL,-1,0.58,0.61
2026-01-03T20:52:49.383904Z,price_change,0.62,SELL,1,0.58,0.61
2026-01-03T20:52:49.52244Z,price_change,0.65,SELL,-1,0.58,0.61
2026-01-03T20:52:49.52244Z,price_change,0.62,SELL,1,0.58,0.61
2026-01-03T20:52:49.670055Z,price_change,0.65,SELL,-200,0.58,0.61
2026-01-03T20:52:49.670055Z,price_change,0.69,SELL,200,0.58,0.61
2026-01-03T20:52:50.002348Z,price_change,0.7,SELL,-69000,0.58,0.61
2026-01-03T20:52:50.021154Z,price_change,0.83,SELL,362,0.58,0.61
2026-01-03T20:52:50.047613Z,price_change,0.83,SELL,-113,0.58,0.61
2026-01-03T20:52:50.048126Z,price_change,0.84,SELL,-113,0.58,0.61
2026-01-03T20:52:50.051204Z,price_change,0.83,SELL,-113,0.58,0.61
2026-01-03T20:52:50.067506Z,price_change,0.96,SELL,-8000,0.58,0.61
2026-01-03T20:52:50.067555Z,price_change,0.84,SELL,-56,0.58,0.61
2026-01-03T20:52:50.068182Z,price_change,0.84,SELL,-113,0.58,0.61
2026-01-03T20:52:50.083815Z,price_change,0.71,SELL,113,0.58,0.61
2026-01-03T20:52:50.085167Z,price_change,0.7,SELL,113,0.58,0.61
2026-01-03T20:52:50.105419Z,price_change,0.8200000000000001,SELL,56,0.58,0.61
2026-01-03T20:52:50.105838Z,price_change,0.9299999999999999,SELL,8000,0.58,0.61
2026-01-03T20:52:50.106801Z,price_change,0.8200000000000001,SELL,113,0.58,0.61
2026-01-03T20:52:50.132479Z,price_change,0.62,SELL,-1,0.58,0.61
2026-01-03T20:52:50.132479Z,price_change,0.61,SELL,1,0.58,0.61
2026-01-03T20:52:50.161251Z,price_change,0.69,SELL,15,0.58,0.61
2026-01-03T20:52:50.224767Z,price_change,0.69,SELL,-15,0.58,0.61
2026-01-03T20:52:50.277269Z,price_change,0.7,SELL,113,0.58,0.61
2026-01-03T20:52:50.366101Z,price_change,0.69,SELL,15,0.58,0.61
2026-01-03T20:52:50.452553Z,price_change,0.62,SELL,-1,0.58,0.61
2026-01-03T20:52:50.452553Z,price_change,0.61,SELL,1,0.58,0.61
2026-01-03T20:52:50.497988Z,price_change,0.69,SELL,-15,0.58,0.61
2026-01-03T20:52:51.281573Z,price_change,0.86,SELL,-485,0.58,0.61
2026-01-03T20:52:51.284548Z,price_change,0.81,SELL,539,0.58,0.61
2026-01-03T20:52:51.39718Z,price_change,0.8200000000000001,SELL,-113,0.58,0.61
2026-01-03T20:52:51.39825Z,price_change,0.8200000000000001,SELL,-56,0.58,0.61
2026-01-03T20:52:51.399062Z,price_change,0.56,BUY,56,0.58,0.61
2026-01-03T20:52:51.39995Z,price_change,0.9299999999999999,SELL,-8000,0.58,0.61
2026-01-03T20:52:51.45105Z,price_change,0.8,SELL,113,0.58,0.61
2026-01-03T20:52:51.451823Z,price_change,0.8,SELL,56,0.58,0.61
2026-01-03T20:52:51.454995Z,price_change,0.91,SELL,8000,0.58,0.61
2026-01-03T20:52:51.682566Z,price_change,0.6,SELL,64,0.58,0.6
2026-01-03T20:52:51.690662Z,price_change,0.62,SELL,-245,0.58,0.6
2026-01-03T20:52:51.691341Z,price_change,0.61,SELL,-200,0.58,0.6
2026-01-03T20:52:51.703453Z,price_change,0.6,SELL,200,0.58,0.6
2026-01-03T20:52:51.724195Z,price_change,0.69,SELL,-200,0.58,0.6
2026-01-03T20:52:51.764963Z,price_change,0.61,SELL,-1,0.58,0.6
2026-01-03T20:52:51.764963Z,price_change,0.6799999999999999,SELL,1,0.58,0.6
2026-01-03T20:52:51.773328Z,price_change,0.69,SELL,215,0.58,0.6
2026-01-03T20:52:51.786707Z,price_change,0.69,SELL,-215,0.58,0.6
2026-01-03T20:52:51.786707Z,price_change,0.6699999999999999,SELL,215,0.58,0.6
2026-01-03T20:52:51.807343Z,price_change,0.6699999999999999,SELL,-215,0.58,0.6
2026-01-03T20:52:51.838962Z,price_change,0.6799999999999999,SELL,-1,0.58,0.6
2026-01-03T20:52:51.838962Z,price_change,0.6599999999999999,SELL,1,0.58,0.6
2026-01-03T20:52:51.895861Z,price_change,0.69,SELL,200,0.58,0.6
2026-01-03T20:52:51.913996Z,price_change,0.69,SELL,-200,0.58,0.6
2026-01-03T20:52:51.928753Z,price_change,0.69,SELL,200,0.58,0.6
2026-01-03T20:52:51.94529Z,price_change,0.6599999999999999,SELL,-1,0.58,0.6
2026-01-03T20:52:51.94529Z,price_change,0.6799999999999999,SELL,1,0.58,0.6
2026-01-03T20:52:51.968703Z,price_change,0.69,SELL,-200,0.58,0.6
2026-01-03T20:52:51.968703Z,price_change,0.6699999999999999,SELL,200,0.58,0.6
2026-01-03T20:52:52.001735Z,price_change,0.6,SELL,-64,0.58,0.6
2026-01-03T20:52:52.01371Z,price_change,0.5900000000000001,SELL,250,0.58,0.5900000000000001
2026-01-03T20:52:52.02617Z,price_change,0.6,SELL,-200,0.58,0.5900000000000001
2026-01-03T20:52:52.035642Z,price_change,0.5900000000000001,SELL,200,0.58,0.5900000000000001
2026-01-03T20:52:52.047475Z,price_change,0.6699999999999999,SELL,-200,0.58,0.5900000000000001
2026-01-03T20:52:52.047475Z,price_change,0.6,SELL,235,0.58,0.5900000000000001
2026-01-03T20:52:52.079396Z,price_change,0.6,SELL,200,0.58,0.5900000000000001
2026-01-03T20:52:52.084461Z,price_change,0.6799999999999999,SELL,-1,0.58,0.5900000000000001
2026-01-03T20:52:52.084461Z,price_change,0.6599999999999999,SELL,1,0.58,0.5900000000000001
2026-01-03T20:52:52.452709Z,price_change,0.6599999999999999,SELL,-1,0.58,0.5900000000000001
2026-01-03T20:52:52.452709Z,price_change,0.6,SELL,1,0.58,0.5900000000000001
2026-01-03T20:52:52.605841Z,price_change,0.91,SELL,-8000,0.58,0.5900000000000001
2026-01-03T20:52:52.607112Z,price_change,0.71,SELL,-113,0.58,0.5900000000000001
2026-01-03T20:52:52.607631Z,price_change,0.99,SELL,-4000,0.58,0.5900000000000001
2026-01-03T20:52:52.607711Z,price_change,0.32,BUY,-4000,0.58,0.5900000000000001
2026-01-03T20:52:52.607963Z,price_change,0.8,SELL,-113,0.58,0.5900000000000001
2026-01-03T20:52:52.609081Z,price_change,0.43,BUY,-8000,0.58,0.5900000000000001
2026-01-03T20:52:52.609135Z,price_change,0.7,SELL,-113,0.58,0.5900000000000001
2026-01-03T20:52:52.61022Z,price_change,0.7,SELL,-113,0.58,0.5900000000000001
2026-01-03T20:52:52.611623Z,price_change,0.8,SELL,-56,0.58,0.5900000000000001
2026-01-03T20:52:52.672882Z,price_change,0.95,SELL,4000,0.58,0.5900000000000001
2026-01-03T20:52:52.672932Z,price_change,0.69,SELL,113,0.58,0.5900000000000001
2026-01-03T20:52:52.673557Z,price_change,0.69,SELL,56,0.58,0.5900000000000001
2026-01-03T20:52:52.673613Z,price_change,0.69,SELL,113,0.58,0.5900000000000001
2026-01-03T20:52:52.675015Z,price_change,0.8,SELL,8000,0.58,0.5900000000000001
2026-01-03T20:52:52.675047Z,price_change,0.4,BUY,8000,0.58,0.5900000000000001
2026-01-03T20:52:52.675069Z,price_change,0.6799999999999999,SELL,113,0.58,0.5900000000000001
2026-01-03T20:52:52.675692Z,price_change,0.3,BUY,4000,0.58,0.5900000000000001
2026-01-03T20:52:52.677621Z,price_change,0.6799999999999999,SELL,113,0.58,0.5900000000000001
2026-01-03T20:52:52.745652Z,price_change,0.3,BUY,-4000,0.58,0.5900000000000001
2026-01-03T20:52:52.784772Z,price_change,0.31,BUY,4000,0.58,0.5900000000000001
2026-01-03T20:52:52.804019Z,price_change,0.52,BUY,-250,0.58,0.5900000000000001
2026-01-03T20:52:52.837289Z,price_change,0.53,BUY,450,0.58,0.5900000000000001
2026-01-03T20:52:52.937838Z,price_change,0.61,SELL,-1,0.58,0.5900000000000001
2026-01-03T20:52:52.937838Z,price_change,0.6799999999999999,SELL,1,0.58,0.5900000000000001
2026-01-03T20:52:52.970004Z,price_change,0.54,BUY,2222,0.58,0.5900000000000001
2026-01-03T20:52:52.971648Z,price_change,0.6799999999999999,SELL,2222,0.58,0.5900000000000001
2026-01-03T20:52:53.026942Z,price_change,0.58,BUY,-50,0.56,0.5900000000000001
2026-01-03T20:52:53.036907Z,price_change,0.5900000000000001,SELL,-200,0.56,0.5900000000000001
2026-01-03T20:52:53.04862Z,price_change,0.5800000000000001,SELL,200,0.56,0.5800000000000001
2026-01-03T20:52:53.07801Z,price_change,0.28,BUY,-28,0.56,0.5800000000000001
2026-01-03T20:52:53.078156Z,price_change,0.6799999999999999,SELL,-113,0.56,0.5800000000000001
2026-01-03T20:52:53.079729Z,price_change,0.95,SELL,-28,0.56,0.5800000000000001
2026-01-03T20:52:53.080204Z,price_change,0.69,SELL,-113,0.56,0.5800000000000001
2026-01-03T20:52:53.080731Z,price_change,0.69,SELL,-56,0.56,0.5800000000000001
2026-01-03T20:52:53.081127Z,price_change,0.6799999999999999,SELL,-113,0.56,0.5800000000000001
2026-01-03T20:52:53.081374Z,price_change,0.69,SELL,-113,0.56,0.5800000000000001
2026-01-03T20:52:53.135214Z,price_change,0.6599999999999999,SELL,113,0.56,0.5800000000000001
2026-01-03T20:52:53.136474Z,price_change,0.6599999999999999,SELL,113,0.56,0.5800000000000001
2026-01-03T20:52:53.138061Z,price_change,0.55,BUY,28,0.56,0.5800000000000001
2026-01-03T20:52:53.138198Z,price_change,0.6699999999999999,SELL,28,0.56,0.5800000000000001
2026-01-03T20:52:53.138925Z,price_change,0.6699999999999999,SELL,113,0.56,0.5800000000000001
2026-01-03T20:52:53.140185Z,price_change,0.6699999999999999,SELL,56,0.56,0.5800000000000001
2026-01-03T20:52:53.145897Z,price_change,0.6699999999999999,SELL,113,0.56,0.5800000000000001
2026-01-03T20:52:53.244807Z,price_change,0.6,SELL,-1,0.56,0.5800000000000001
2026-01-03T20:52:53.244807Z,price_change,0.5900000000000001,SELL,1,0.56,0.5800000000000001
2026-01-03T20:52:53.591767Z,price_change,0.6799999999999999,SELL,-1,0.56,0.5800000000000001
2026-01-03T20:52:53.591767Z,price_change,0.5900000000000001,SELL,1,0.56,0.5800000000000001
2026-01-03T20:52:53.676746Z,price_change,0.31,BUY,-4000,0.56,0.5800000000000001
2026-01-03T20:52:53.72624Z,price_change,0.5900000000000001,SELL,-1,0.56,0.5800000000000001
2026-01-03T20:52:53.72624Z,price_change,0.5800000000000001,SELL,1,0.56,0.5800000000000001
2026-01-03T20:52:53.741831Z,price_change,0.32,BUY,4000,0.56,0.5800000000000001
2026-01-03T20:52:53.936332Z,price_change,0.5900000000000001,SELL,-1,0.56,0.5800000000000001
2026-01-03T20:52:53.936332Z,price_change,0.5800000000000001,SELL,1,0.56,0.5800000000000001
2026-01-03T20:52:53.987633Z,price_change,0.8,SELL,-8000,0.56,0.5800000000000001
2026-01-03T20:52:54.168206Z,price_change,0.91,SELL,8000,0.56,0.5800000000000001
2026-01-03T20:52:54.183443Z,price_change,0.6,SELL,-435,0.56,0.5800000000000001
2026-01-03T20:52:54.183443Z,price_change,0.65,SELL,435,0.56,0.5800000000000001
2026-01-03T20:52:54.248516Z,price_change,0.6599999999999999,SELL,-113,0.56,0.5800000000000001
2026-01-03T20:52:54.249305Z,price_change,0.6699999999999999,SELL,-113,0.56,0.5800000000000001
2026-01-03T20:52:54.250719Z,price_change,0.6599999999999999,SELL,-113,0.56,0.5800000000000001
2026-01-03T20:52:54.252933Z,price_change,0.6699999999999999,SELL,-56,0.56,0.5800000000000001
2026-01-03T20:52:54.266951Z,price_change,0.65,SELL,-435,0.56,0.5800000000000001
2026-01-03T20:52:54.266951Z,price_change,0.6599999999999999,SELL,435,0.56,0.5800000000000001
2026-01-03T20:52:54.295773Z,price_change,0.64,SELL,113,0.56,0.5800000000000001
2026-01-03T20:52:54.296161Z,price_change,0.63,SELL,113,0.56,0.5800000000000001
2026-01-03T20:52:54.297548Z,price_change,0.64,SELL,56,0.56,0.5800000000000001
2026-01-03T20:52:54.298144Z,price_change,0.63,SELL,113,0.56,0.5800000000000001
2026-01-03T20:52:54.309324Z,price_change,0.56,BUY,-113,0.56,0.5800000000000001
2026-01-03T20:52:54.309324Z,price_change,0.56,BUY,-56,0.55,0.5800000000000001
2026-01-03T20:52:54.309324Z,price_change,0.55,BUY,-250,0.55,0.5800000000000001
