timestamp,event_type,price,side,size,best_bid,best_ask
,book,0.8900,BUY,3690,0.8900,0.9
,book,0.9,SELL,12,0.8900,0.9
2026-01-08T02:13:20.636502Z,price_change,0.9200,SELL,452,0.89,0.9000
2026-01-08T02:13:22.03362Z,price_change,0.9200,SELL,-2000,0.89,0.9000
,book,0.9100,BUY,24271,0.9100,0.93
,book,0.93,SELL,15744,0.9100,0.93
2026-01-08T02:14:14.062337Z,price_change,0.9300,SELL,-49,0.91,0.9300
1767838454,last_trade_price,0.93,BUY,49,0.91,0.9300
2026-01-08T02:14:14.08955Z,price_change,0.9,BUY,-746,0.91,0.9300
2026-01-08T02:14:14.090836Z,price_change,0.9300,SELL,-754,0.91,0.9300
2026-01-08T02:14:14.103527Z,price_change,0.91,BUY,746,0.91,0.9300
2026-01-08T02:14:14.106108Z,price_change,0.9400,SELL,754,0.91,0.9300
2026-01-08T02:14:14.349972Z,price_change,0.91,BUY,-262,0.91,0.9300
1767838454,last_trade_price,0.09,SELL,262,0.91,0.9300
2026-01-08T02:14:14.39327Z,price_change,0.9300,SELL,-1,0.91,0.9300
2026-01-08T02:14:14.39327Z,price_change,0.9400,SELL,1,0.91,0.9300
2026-01-08T02:14:14.683973Z,price_change,0.9300,SELL,1,0.91,0.9300
2026-01-08T02:14:15.210312Z,price_change,0.9300,SELL,-7500,0.91,0.9300
2026-01-08T02:14:15.264338Z,price_change,0.91,BUY,-2500,0.91,0.9300
2026-01-08T02:14:15.840179Z,price_change,0.9300,SELL,2,0.91,0.9300
2026-01-08T02:14:15.856557Z,price_change,0.9300,SELL,-1,0.91,0.9300
2026-01-08T02:14:15.886963Z,price_change,0.9300,SELL,-189,0.91,0.9300
2026-01-08T02:14:15.890065Z,price_change,0.88,BUY,-284,0.91,0.9300
2026-01-08T02:14:15.925747Z,price_change,0.9400,SELL,189,0.91,0.9300
2026-01-08T02:14:15.927227Z,price_change,0.89,BUY,284,0.91,0.9300
2026-01-08T02:14:17.201141Z,price_change,0.92,BUY,19321,0.92,0.9300
2026-01-08T02:14:17.235688Z,price_change,0.9300,SELL,-2461,0.92,0.9300
2026-01-08T02:14:17.246808Z,price_change,0.82,BUY,-750,0.92,0.9300
2026-01-08T02:14:17.246808Z,price_change,0.83,BUY,750,0.92,0.9300
2026-01-08T02:14:17.251735Z,price_change,0.92,BUY,-9661,0.92,0.9300
2026-01-08T02:14:17.257982Z,price_change,0.79,BUY,-970,0.92,0.9300
2026-01-08T02:14:17.257982Z,price_change,0.8,BUY,970,0.92,0.9300
2026-01-08T02:14:17.259573Z,price_change,0.9,BUY,-2477,0.92,0.9300
2026-01-08T02:14:17.2678Z,price_change,0.9300,SELL,-11,0.92,0.9300
2026-01-08T02:14:17.2678Z,price_change,0.9400,SELL,6,0.92,0.9300
2026-01-08T02:14:17.284091Z,price_change,0.9300,SELL,-2,0.92,0.9300
2026-01-08T02:14:17.298867Z,price_change,0.92,BUY,2461,0.92,0.9300
2026-01-08T02:14:17.386165Z,price_change,0.82,BUY,62,0.92,0.9300
2026-01-08T02:14:17.432584Z,price_change,0.9400,SELL,-2477,0.92,0.9300
2026-01-08T02:14:17.432879Z,price_change,0.9400,SELL,-189,0.92,0.9300
2026-01-08T02:14:17.433529Z,price_change,0.51,BUY,-762,0.92,0.9300
2026-01-08T02:14:17.433733Z,price_change,0.91,BUY,-1120,0.92,0.9300
2026-01-08T02:14:17.433863Z,price_change,0.92,BUY,-2461,0.92,0.9300
2026-01-08T02:14:17.433972Z,price_change,0.89,BUY,-284,0.92,0.9300
2026-01-08T02:14:17.434122Z,price_change,0.9300,SELL,-2477,0.92,0.9300
2026-01-08T02:14:17.434332Z,price_change,0.41,BUY,-4734,0.92,0.9300
2026-01-08T02:14:17.435825Z,price_change,0.91,BUY,-189,0.92,0.9300
2026-01-08T02:14:17.435961Z,price_change,0.9600,SELL,-284,0.92,0.9300
2026-01-08T02:14:17.436539Z,price_change,0.9500,SELL,-2461,0.92,0.9300
2026-01-08T02:14:17.43691Z,price_change,0.9400,SELL,-189,0.92,0.9300
2026-01-08T02:14:17.437921Z,price_change,0.9300,SELL,-2302,0.92,0.9400
2026-01-08T02:14:17.461648Z,price_change,0.9700,SELL,-392,0.92,0.9400
2026-01-08T02:14:17.47208Z,price_change,0.9400,SELL,-2461,0.92,0.9400
2026-01-08T02:14:17.472089Z,price_change,0.92,BUY,2500,0.92,0.9400
2026-01-08T02:14:17.516833Z,price_change,0.9400,SELL,1,0.92,0.9400
2026-01-08T02:14:17.52453Z,price_change,0.82,BUY,6099,0.92,0.9400
2026-01-08T02:14:17.531032Z,price_change,0.52,BUY,2461,0.92,0.9400
2026-01-08T02:14:17.533882Z,price_change,0.51,BUY,2461,0.92,0.9400
2026-01-08T02:14:17.94347Z,price_change,0.9400,SELL,-50,0.92,0.9400
2026-01-08T02:14:17.966652Z,price_change,0.9500,SELL,-50,0.92,0.9400
2026-01-08T02:14:17.997695Z,price_change,0.9500,SELL,-300,0.92,0.9400
2026-01-08T02:14:17.999215Z,price_change,0.9,BUY,-125,0.92,0.9400
2026-01-08T02:14:18.188423Z,price_change,0.9500,SELL,-200,0.92,0.9400
2026-01-08T02:14:18.191288Z,price_change,0.91,BUY,-200,0.92,0.9400
2026-01-08T02:14:18.471248Z,price_change,0.92,BUY,-200,0.92,0.9400
1767838458,last_trade_price,0.08,SELL,200,0.92,0.9400
2026-01-08T02:14:18.762649Z,price_change,0.9500,SELL,691,0.92,0.9400
2026-01-08T02:14:18.764646Z,price_change,0.76,BUY,691,0.92,0.9400
2026-01-08T02:14:18.810633Z,price_change,0.41,BUY,110,0.92,0.9400
2026-01-08T02:14:18.810797Z,price_change,0.52,BUY,-2461,0.92,0.9400
2026-01-08T02:14:18.811666Z,price_change,0.9900,SELL,958,0.92,0.9400
2026-01-08T02:14:18.812101Z,price_change,0.9900,SELL,958,0.92,0.9400
2026-01-08T02:14:18.812543Z,price_change,0.9800,SELL,958,0.92,0.9400
2026-01-08T02:14:18.812777Z,price_change,0.9800,SELL,958,0.92,0.9400
2026-01-08T02:14:18.812852Z,price_change,0.31,BUY,73,0.92,0.9400
2026-01-08T02:14:18.814009Z,price_change,0.9800,SELL,958,0.92,0.9400
2026-01-08T02:14:18.815446Z,price_change,0.51,BUY,-2461,0.92,0.9400
2026-01-08T02:14:18.857305Z,price_change,0.88,BUY,958,0.92,0.9400
2026-01-08T02:14:18.928552Z,price_change,0.9800,SELL,-958,0.92,0.9400
2026-01-08T02:14:18.929056Z,price_change,0.9800,SELL,-958,0.92,0.9400
2026-01-08T02:14:18.929096Z,price_change,0.9900,SELL,-958,0.92,0.9400
2026-01-08T02:14:18.929885Z,price_change,0.9900,SELL,-5718,0.92,0.9400
2026-01-08T02:14:18.930489Z,price_change,0.9900,SELL,-958,0.92,0.9400
2026-01-08T02:14:18.930518Z,price_change,0.87,BUY,958,0.92,0.9400
2026-01-08T02:14:18.931408Z,price_change,0.9800,SELL,-958,0.92,0.9400
2026-01-08T02:14:18.987571Z,price_change,0.88,BUY,-958,0.92,0.9400
2026-01-08T02:14:18.999399Z,price_change,0.9800,SELL,1226,0.92,0.9400
2026-01-08T02:14:19.000486Z,price_change,0.9800,SELL,1226,0.92,0.9400
2026-01-08T02:14:19.000612Z,price_change,0.9800,SELL,1226,0.92,0.9400
2026-01-08T02:14:19.000666Z,price_change,0.9900,SELL,1226,0.92,0.9400
2026-01-08T02:14:19.001169Z,price_change,0.9900,SELL,1226,0.92,0.9400
2026-01-08T02:14:19.001572Z,price_change,0.31,BUY,-73,0.92,0.9400
2026-01-08T02:14:19.018718Z,price_change,0.41,BUY,-110,0.92,0.9400
2026-01-08T02:14:19.025854Z,price_change,0.9900,SELL,94,0.92,0.9400
2026-01-08T02:14:19.030741Z,price_change,0.87,BUY,-958,0.92,0.9400
2026-01-08T02:14:19.045907Z,price_change,0.51,BUY,141,0.92,0.9400
2026-01-08T02:14:19.047033Z,price_change,0.83,BUY,94,0.92,0.9400
2026-01-08T02:14:19.06995Z,price_change,0.92,BUY,1226,0.92,0.9400
2026-01-08T02:14:19.071287Z,price_change,0.91,BUY,1226,0.92,0.9400
2026-01-08T02:14:19.264395Z,price_change,0.9500,SELL,-5000,0.92,0.9400
2026-01-08T02:14:19.264395Z,price_change,0.9600,SELL,5000,0.92,0.9400
2026-01-08T02:14:19.285Z,price_change,0.9700,SELL,343,0.92,0.9400
2026-01-08T02:14:19.299542Z,price_change,0.9900,SELL,-1226,0.92,0.9400
2026-01-08T02:14:19.301549Z,price_change,0.9800,SELL,-1226,0.92,0.9400
2026-01-08T02:14:19.338444Z,price_change,0.9700,SELL,1226,0.92,0.9400
2026-01-08T02:14:19.338913Z,price_change,0.9700,SELL,1226,0.92,0.9400
2026-01-08T02:14:19.340666Z,price_change,0.9700,SELL,1226,0.92,0.9400
2026-01-08T02:14:19.513087Z,price_change,0.9,BUY,-5000,0.92,0.9400
2026-01-08T02:14:19.513087Z,price_change,0.91,BUY,5000,0.92,0.9400
2026-01-08T02:14:19.55782Z,price_change,0.92,BUY,-1226,0.92,0.9400
2026-01-08T02:14:19.592979Z,price_change,0.9,BUY,1226,0.92,0.9400
2026-01-08T02:14:19.648735Z,price_change,0.9400,SELL,516,0.92,0.9400
2026-01-08T02:14:19.650039Z,price_change,0.9,BUY,516,0.92,0.9400
2026-01-08T02:14:20.510791Z,price_change,0.9400,SELL,-516,0.92,0.9400
2026-01-08T02:14:20.899093Z,price_change,0.91,BUY,-10000,0.92,0.9400
2026-01-08T02:14:20.901457Z,price_change,0.91,BUY,-10000,0.92,0.9400
2026-01-08T02:14:21.000721Z,price_change,0.76,BUY,-691,0.92,0.9400
2026-01-08T02:14:21.000721Z,price_change,0.9500,SELL,-691,0.92,0.9400
2026-01-08T02:14:22.203204Z,price_change,0.92,BUY,-9460,0.92,0.9400
2026-01-08T02:14:22.526528Z,price_change,0.87,BUY,-2000,0.92,0.9400
2026-01-08T02:14:22.52801Z,price_change,0.9900,SELL,-2000,0.92,0.9400
2026-01-08T02:14:22.529397Z,price_change,0.89,BUY,-690,0.92,0.9400
2026-01-08T02:14:22.530937Z,price_change,0.9700,SELL,-690,0.92,0.9400
2026-01-08T02:14:23.434712Z,price_change,0.9400,SELL,-5,0.92,0.9400
1767838463,last_trade_price,0.94,BUY,5,0.92,0.9400
2026-01-08T02:14:23.783244Z,price_change,0.9400,SELL,1,0.92,0.9400
2026-01-08T02:14:23.798175Z,price_change,0.9400,SELL,-1,0.92,0.9400
2026-01-08T02:14:23.825567Z,price_change,0.88,BUY,94,0.92,0.9400
2026-01-08T02:14:24.80266Z,price_change,0.9600,SELL,150,0.92,0.9400
2026-01-08T02:14:24.805796Z,price_change,0.92,BUY,150,0.92,0.9400
2026-01-08T02:14:24.942328Z,price_change,0.89,BUY,2000,0.92,0.9400
2026-01-08T02:14:24.992085Z,price_change,0.88,BUY,-94,0.92,0.9400
2026-01-08T02:14:25.056605Z,price_change,0.89,BUY,94,0.92,0.9400
2026-01-08T02:14:25.229455Z,price_change,0.9900,SELL,-94,0.92,0.9400
2026-01-08T02:14:25.232814Z,price_change,0.9900,SELL,2831,0.92,0.9400
2026-01-08T02:14:25.263538Z,price_change,0.9800,SELL,94,0.92,0.9400
2026-01-08T02:14:25.69215Z,price_change,0.89,BUY,-2000,0.92,0.9400
2026-01-08T02:14:25.730495Z,price_change,0.89,BUY,-94,0.92,0.9400
2026-01-08T02:14:25.77018Z,price_change,0.88,BUY,94,0.92,0.9400
2026-01-08T02:14:25.865602Z,price_change,0.9600,SELL,50,0.92,0.9400
2026-01-08T02:14:25.892199Z,price_change,0.9500,SELL,50,0.92,0.9400
2026-01-08T02:14:25.897971Z,price_change,0.9700,SELL,200,0.92,0.9400
2026-01-08T02:14:25.898492Z,price_change,0.92,BUY,200,0.92,0.9400
2026-01-08T02:14:26.062586Z,price_change,0.9700,SELL,300,0.92,0.9400
2026-01-08T02:14:26.06359Z,price_change,0.91,BUY,125,0.92,0.9400
2026-01-08T02:14:26.150072Z,price_change,0.9400,SELL,6,0.92,0.9400
2026-01-08T02:14:26.159528Z,price_change,0.9400,SELL,-1,0.92,0.9400
2026-01-08T02:14:26.744206Z,price_change,0.88,BUY,2000,0.92,0.9400
2026-01-08T02:14:26.778831Z,price_change,0.88,BUY,-94,0.92,0.9400
2026-01-08T02:14:26.94031Z,price_change,0.89,BUY,94,0.92,0.9400
2026-01-08T02:14:27.637771Z,price_change,0.9500,SELL,482,0.92,0.9400
2026-01-08T02:14:27.639138Z,price_change,0.91,BUY,482,0.92,0.9400
2026-01-08T02:14:27.905795Z,price_change,0.9400,SELL,7500,0.92,0.9400
2026-01-08T02:14:27.91627Z,price_change,0.9,BUY,-516,0.92,0.9400
2026-01-08T02:14:27.957185Z,price_change,0.9,BUY,690,0.92,0.9400
2026-01-08T02:14:27.958196Z,price_change,0.9800,SELL,690,0.92,0.9400
2026-01-08T02:14:29.24513Z,price_change,0.82,BUY,-62,0.92,0.9400
2026-01-08T02:14:29.282395Z,price_change,0.9700,SELL,-1226,0.92,0.9400
2026-01-08T02:14:29.283145Z,price_change,0.9900,SELL,-1226,0.92,0.9400
2026-01-08T02:14:29.289118Z,price_change,0.9800,SELL,-1226,0.92,0.9400
2026-01-08T02:14:29.33478Z,price_change,0.9600,SELL,1226,0.92,0.9400
2026-01-08T02:14:29.393109Z,price_change,0.82,BUY,-6099,0.92,0.9400
2026-01-08T02:14:29.428061Z,price_change,0.83,BUY,-94,0.92,0.9400
2026-01-08T02:14:29.466248Z,price_change,0.31,BUY,94,0.92,0.9400
2026-01-08T02:14:29.6556Z,price_change,0.92,BUY,-20,0.92,0.9400
1767838469,last_trade_price,0.08,SELL,20,0.92,0.9400
2026-01-08T02:14:29.856464Z,price_change,0.88,BUY,-2000,0.92,0.9400
2026-01-08T02:14:29.857874Z,price_change,0.9,BUY,-690,0.92,0.9400
2026-01-08T02:14:29.859378Z,price_change,0.9800,SELL,-690,0.92,0.9400
2026-01-08T02:14:29.908135Z,price_change,0.89,BUY,-94,0.92,0.9400
2026-01-08T02:14:29.913681Z,price_change,0.9600,SELL,1226,0.92,0.9400
2026-01-08T02:14:29.96458Z,price_change,0.88,BUY,94,0.92,0.9400
2026-01-08T02:14:30.079795Z,price_change,0.9400,SELL,12,0.92,0.9400
2026-01-08T02:14:30.082761Z,price_change,0.9400,SELL,-6,0.92,0.9400
2026-01-08T02:14:30.440043Z,price_change,0.9,BUY,-1226,0.92,0.9400
2026-01-08T02:14:30.444681Z,price_change,0.91,BUY,-1226,0.92,0.9400
2026-01-08T02:14:30.465494Z,price_change,0.9600,SELL,1226,0.92,0.9400
2026-01-08T02:14:30.489266Z,price_change,0.88,BUY,1226,0.92,0.9400
2026-01-08T02:14:30.489963Z,price_change,0.89,BUY,1226,0.92,0.9400
2026-01-08T02:14:30.505605Z,price_change,0.9600,SELL,-5000,0.92,0.9400
2026-01-08T02:14:30.505605Z,price_change,0.9700,SELL,5000,0.92,0.9400
2026-01-08T02:14:30.633341Z,price_change,0.91,BUY,-5000,0.92,0.9400
2026-01-08T02:14:30.633341Z,price_change,0.92,BUY,5000,0.92,0.9400
2026-01-08T02:14:30.666556Z,price_change,0.91,BUY,-125,0.92,0.9400
2026-01-08T02:14:30.670757Z,price_change,0.9700,SELL,-300,0.92,0.9400
2026-01-08T02:14:30.686233Z,price_change,0.9500,SELL,-50,0.92,0.9400
2026-01-08T02:14:30.687083Z,price_change,0.9600,SELL,-50,0.92,0.9400
2026-01-08T02:14:30.691059Z,price_change,0.92,BUY,-200,0.92,0.9400
2026-01-08T02:14:30.692422Z,price_change,0.9700,SELL,-200,0.92,0.9400
2026-01-08T02:14:31.354677Z,price_change,0.9600,SELL,-1226,0.92,0.9400
2026-01-08T02:14:31.356209Z,price_change,0.9600,SELL,-1226,0.92,0.9400
2026-01-08T02:14:31.356354Z,price_change,0.88,BUY,-94,0.92,0.9400
2026-01-08T02:14:31.35639Z,price_change,0.9800,SELL,-1226,0.92,0.9400
2026-01-08T02:14:31.356398Z,price_change,0.31,BUY,-94,0.92,0.9400
2026-01-08T02:14:31.357323Z,price_change,0.51,BUY,756,0.92,0.9400
2026-01-08T02:14:31.357948Z,price_change,0.9700,SELL,-1226,0.92,0.9400
2026-01-08T02:14:31.358975Z,price_change,0.9800,SELL,-94,0.92,0.9400
2026-01-08T02:14:31.359052Z,price_change,0.9700,SELL,-1226,0.92,0.9400
2026-01-08T02:14:31.359088Z,price_change,0.41,BUY,4729,0.92,0.9400
2026-01-08T02:14:31.359517Z,price_change,0.9700,SELL,283,0.92,0.9400
2026-01-08T02:14:31.359861Z,price_change,0.9600,SELL,189,0.92,0.9400
2026-01-08T02:14:31.367683Z,price_change,0.88,BUY,-1226,0.92,0.9400
2026-01-08T02:14:31.381285Z,price_change,0.89,BUY,-1226,0.92,0.9400
2026-01-08T02:14:31.382145Z,price_change,0.51,BUY,-141,0.92,0.9400
2026-01-08T02:14:31.432062Z,price_change,0.9400,SELL,2459,0.92,0.9400
2026-01-08T02:14:31.432105Z,price_change,0.91,BUY,2459,0.92,0.9400
2026-01-08T02:14:31.432294Z,price_change,0.9400,SELL,189,0.92,0.9400
2026-01-08T02:14:31.43287Z,price_change,0.88,BUY,283,0.92,0.9400
2026-01-08T02:14:31.432912Z,price_change,0.9400,SELL,2459,0.92,0.9400
2026-01-08T02:14:31.433524Z,price_change,0.9500,SELL,2459,0.92,0.9400
2026-01-08T02:14:31.433567Z,price_change,0.9500,SELL,2459,0.92,0.9400
2026-01-08T02:14:31.43417Z,price_change,0.9400,SELL,2459,0.92,0.9400
2026-01-08T02:14:31.434529Z,price_change,0.92,BUY,189,0.92,0.9400
2026-01-08T02:14:31.434992Z,price_change,0.92,BUY,189,0.92,0.9400
2026-01-08T02:14:31.435029Z,price_change,0.92,BUY,2459,0.92,0.9400
2026-01-08T02:14:32.028321Z,price_change,0.9400,SELL,-2459,0.92,0.9400
2026-01-08T02:14:32.02906Z,price_change,0.9400,SELL,-189,0.92,0.9400
2026-01-08T02:14:32.029103Z,price_change,0.92,BUY,-189,0.92,0.9400
2026-01-08T02:14:32.029497Z,price_change,0.9400,SELL,-2459,0.92,0.9400
2026-01-08T02:14:32.029862Z,price_change,0.9700,SELL,-283,0.92,0.9400
2026-01-08T02:14:32.029958Z,price_change,0.51,BUY,-756,0.92,0.9400
2026-01-08T02:14:32.031779Z,price_change,0.9600,SELL,-189,0.92,0.9400
2026-01-08T02:14:32.032302Z,price_change,0.41,BUY,-4729,0.92,0.9400
2026-01-08T02:14:32.03233Z,price_change,0.91,BUY,-2459,0.92,0.9400
2026-01-08T02:14:32.032677Z,price_change,0.92,BUY,-189,0.92,0.9400
2026-01-08T02:14:32.034747Z,price_change,0.9500,SELL,-2459,0.92,0.9400
2026-01-08T02:14:32.035935Z,price_change,0.9600,SELL,-1226,0.92,0.9400
2026-01-08T02:14:32.036189Z,price_change,0.9400,SELL,-2459,0.92,0.9400
2026-01-08T02:14:32.036217Z,price_change,0.92,BUY,-2459,0.92,0.9400
2026-01-08T02:14:32.063269Z,price_change,0.9500,SELL,-2459,0.92,0.9400
2026-01-08T02:14:32.067055Z,price_change,0.91,BUY,-746,0.92,0.9400
2026-01-08T02:14:32.068091Z,price_change,0.9400,SELL,-754,0.92,0.9400
2026-01-08T02:14:32.079657Z,price_change,0.88,BUY,-283,0.92,0.9400
2026-01-08T02:14:32.080205Z,price_change,0.92,BUY,746,0.92,0.9400
2026-01-08T02:14:32.081519Z,price_change,0.9500,SELL,754,0.92,0.9400
2026-01-08T02:14:32.116967Z,price_change,0.9400,SELL,-1,0.92,0.9400
2026-01-08T02:14:32.116967Z,price_change,0.9500,SELL,1,0.92,0.9400
2026-01-08T02:14:32.123659Z,price_change,0.41,BUY,189,0.92,0.9400
2026-01-08T02:14:32.12451Z,price_change,0.51,BUY,2459,0.92,0.9400
2026-01-08T02:14:32.125998Z,price_change,0.52,BUY,2459,0.92,0.9400
2026-01-08T02:14:32.222534Z,price_change,0.92,BUY,-746,0.92,0.9400
2026-01-08T02:14:32.223737Z,price_change,0.9500,SELL,-754,0.92,0.9400
2026-01-08T02:14:32.239397Z,price_change,0.91,BUY,746,0.92,0.9400
2026-01-08T02:14:32.240656Z,price_change,0.9400,SELL,754,0.92,0.9400
2026-01-08T02:14:32.757236Z,price_change,0.76,BUY,691,0.92,0.9400
2026-01-08T02:14:32.760201Z,price_change,0.9500,SELL,691,0.92,0.9400
2026-01-08T02:14:32.841325Z,price_change,0.87,BUY,2000,0.92,0.9400
2026-01-08T02:14:32.842938Z,price_change,0.9900,SELL,2000,0.92,0.9400
2026-01-08T02:14:33.494611Z,price_change,0.87,BUY,-1000,0.92,0.9400
2026-01-08T02:14:33.766427Z,price_change,0.9400,SELL,12,0.92,0.9400
2026-01-08T02:14:33.777997Z,price_change,0.9400,SELL,-12,0.92,0.9400
2026-01-08T02:14:34.034708Z,price_change,0.89,BUY,690,0.92,0.9400
2026-01-08T02:14:34.036493Z,price_change,0.9700,SELL,690,0.92,0.9400
2026-01-08T02:14:34.610751Z,price_change,0.9400,SELL,50,0.92,0.9400
2026-01-08T02:14:34.611445Z,price_change,0.9500,SELL,50,0.92,0.9400
2026-01-08T02:14:34.666228Z,price_change,0.9600,SELL,300,0.92,0.9400
2026-01-08T02:14:34.666389Z,price_change,0.9,BUY,125,0.92,0.9400
2026-01-08T02:14:34.88672Z,price_change,0.9600,SELL,200,0.92,0.9400
2026-01-08T02:14:34.890171Z,price_change,0.91,BUY,200,0.92,0.9400
2026-01-08T02:14:35.004177Z,price_change,0.9500,SELL,-691,0.92,0.9400
2026-01-08T02:14:35.004177Z,price_change,0.76,BUY,-691,0.92,0.9400
2026-01-08T02:14:35.634869Z,price_change,0.9600,SELL,2216,0.92,0.9400
2026-01-08T02:14:35.634869Z,price_change,0.41,BUY,-189,0.92,0.9400
2026-01-08T02:14:35.63551Z,price_change,0.9500,SELL,2216,0.92,0.9400
2026-01-08T02:14:35.635554Z,price_change,0.51,BUY,681,0.92,0.9400
2026-01-08T02:14:35.635701Z,price_change,0.88,BUY,170,0.92,0.9400
2026-01-08T02:14:35.636586Z,price_change,0.9700,SELL,255,0.92,0.9400
2026-01-08T02:14:35.637206Z,price_change,0.89,BUY,255,0.92,0.9400
2026-01-08T02:14:35.637386Z,price_change,0.9400,SELL,2216,0.92,0.9400
2026-01-08T02:14:35.63768Z,price_change,0.9400,SELL,170,0.92,0.9400
2026-01-08T02:14:35.637986Z,price_change,0.52,BUY,-2459,0.92,0.9400
2026-01-08T02:14:35.638086Z,price_change,0.41,BUY,4262,0.92,0.9400
2026-01-08T02:14:35.638149Z,price_change,0.9400,SELL,2216,0.92,0.9400
2026-01-08T02:14:35.638558Z,price_change,0.9400,SELL,2216,0.92,0.9400
2026-01-08T02:14:35.638563Z,price_change,0.9600,SELL,170,0.92,0.9400
2026-01-08T02:14:35.639176Z,price_change,0.51,BUY,-2459,0.92,0.9400
2026-01-08T02:14:35.662859Z,price_change,0.9500,SELL,2216,0.92,0.9400
2026-01-08T02:14:35.67769Z,price_change,0.91,BUY,2216,0.92,0.9400
2026-01-08T02:14:35.680833Z,price_change,0.92,BUY,170,0.92,0.9400
2026-01-08T02:14:35.682379Z,price_change,0.92,BUY,2216,0.92,0.9400
2026-01-08T02:14:35.894819Z,price_change,0.35,BUY,-421,0.92,0.9400
2026-01-08T02:14:35.897156Z,price_change,0.53,BUY,372,0.92,0.9400
2026-01-08T02:14:35.944614Z,price_change,0.51,BUY,-681,0.92,0.9400
2026-01-08T02:14:35.975835Z,price_change,0.54,BUY,681,0.92,0.9400
2026-01-08T02:14:36.76428Z,price_change,0.9400,SELL,-25,0.92,0.9400
1767838476,last_trade_price,0.94,BUY,25,0.92,0.9400
2026-01-08T02:14:38.263268Z,price_change,0.91,BUY,-2216,0.92,0.9400
2026-01-08T02:14:38.264338Z,price_change,0.88,BUY,-170,0.92,0.9400
2026-01-08T02:14:38.26435Z,price_change,0.92,BUY,-2216,0.92,0.9400
2026-01-08T02:14:38.265087Z,price_change,0.9500,SELL,-2216,0.92,0.9400
2026-01-08T02:14:38.265339Z,price_change,0.9500,SELL,-2216,0.92,0.9400
2026-01-08T02:14:38.265399Z,price_change,0.9400,SELL,-2216,0.92,0.9400
2026-01-08T02:14:38.265573Z,price_change,0.9700,SELL,-255,0.92,0.9400
2026-01-08T02:14:38.266579Z,price_change,0.9400,SELL,-2216,0.92,0.9400
2026-01-08T02:14:38.266609Z,price_change,0.9400,SELL,-170,0.92,0.9400
2026-01-08T02:14:38.266782Z,price_change,0.92,BUY,-170,0.92,0.9400
2026-01-08T02:14:38.268153Z,price_change,0.9600,SELL,-170,0.92,0.9400
2026-01-08T02:14:38.268181Z,price_change,0.9400,SELL,-2216,0.92,0.9400
2026-01-08T02:14:38.269126Z,price_change,0.89,BUY,-255,0.92,0.9400
2026-01-08T02:14:38.269429Z,price_change,0.54,BUY,-681,0.92,0.9400
2026-01-08T02:14:38.269721Z,price_change,0.41,BUY,-4262,0.92,0.9400
2026-01-08T02:14:38.290434Z,price_change,0.9600,SELL,-2216,0.92,0.9400
2026-01-08T02:14:38.323905Z,price_change,0.54,BUY,2216,0.92,0.9400
2026-01-08T02:14:38.324813Z,price_change,0.41,BUY,170,0.92,0.9400
2026-01-08T02:14:38.327814Z,price_change,0.55,BUY,2216,0.92,0.9400
2026-01-08T02:14:38.960383Z,price_change,0.01,BUY,10,0.92,0.9400
2026-01-08T02:14:39.335832Z,price_change,0.9500,SELL,-50,0.92,0.9400
2026-01-08T02:14:39.335891Z,price_change,0.9400,SELL,-50,0.92,0.9400
2026-01-08T02:14:39.371195Z,price_change,0.9600,SELL,50,0.92,0.9400
2026-01-08T02:14:39.383759Z,price_change,0.9700,SELL,50,0.92,0.9400
2026-01-08T02:14:39.409993Z,price_change,0.91,BUY,-746,0.92,0.9400
2026-01-08T02:14:39.411186Z,price_change,0.9400,SELL,-754,0.92,0.9400
2026-01-08T02:14:39.412547Z,price_change,0.9600,SELL,-200,0.92,0.9400
2026-01-08T02:14:39.414317Z,price_change,0.91,BUY,-200,0.92,0.9400
2026-01-08T02:14:39.424491Z,price_change,0.92,BUY,746,0.92,0.9400
2026-01-08T02:14:39.425786Z,price_change,0.9500,SELL,754,0.92,0.9400
2026-01-08T02:14:39.445215Z,price_change,0.9700,SELL,200,0.92,0.9400
2026-01-08T02:14:39.446184Z,price_change,0.92,BUY,200,0.92,0.9400
2026-01-08T02:14:39.518491Z,price_change,0.9600,SELL,-50,0.92,0.9400
2026-01-08T02:14:39.519003Z,price_change,0.9700,SELL,-50,0.92,0.9400
2026-01-08T02:14:39.535052Z,price_change,0.92,BUY,-746,0.92,0.9400
2026-01-08T02:14:39.536558Z,price_change,0.9500,SELL,-754,0.92,0.9400
2026-01-08T02:14:39.546753Z,price_change,0.91,BUY,746,0.92,0.9400
2026-01-08T02:14:39.549224Z,price_change,0.9400,SELL,754,0.92,0.9400
2026-01-08T02:14:39.72112Z,price_change,0.9,BUY,-125,0.92,0.9400
2026-01-08T02:14:39.722016Z,price_change,0.9600,SELL,-300,0.92,0.9400
2026-01-08T02:14:39.787604Z,price_change,0.9700,SELL,-200,0.92,0.9400
2026-01-08T02:14:39.788636Z,price_change,0.92,BUY,-200,0.92,0.9400
2026-01-08T02:14:40.903593Z,price_change,0.9400,SELL,-21,0.92,0.9400
1767838480,last_trade_price,0.94,BUY,21,0.92,0.9400
2026-01-08T02:14:40.968162Z,price_change,0.9400,SELL,-12,0.92,0.9400
2026-01-08T02:14:40.969798Z,price_change,0.9400,SELL,9,0.92,0.9400
2026-01-08T02:14:41.99255Z,price_change,0.54,BUY,-2216,0.92,0.9400
2026-01-08T02:14:41.993021Z,price_change,0.9400,SELL,2289,0.92,0.9400
2026-01-08T02:14:41.993036Z,price_change,0.9400,SELL,2289,0.92,0.9400
2026-01-08T02:14:41.99366Z,price_change,0.9400,SELL,176,0.92,0.9400
2026-01-08T02:14:41.994119Z,price_change,0.54,BUY,704,0.92,0.9400
2026-01-08T02:14:41.994339Z,price_change,0.9400,SELL,2289,0.92,0.9400
2026-01-08T02:14:41.994572Z,price_change,0.9700,SELL,264,0.92,0.9400
2026-01-08T02:14:41.994708Z,price_change,0.9600,SELL,176,0.92,0.9400
2026-01-08T02:14:41.994801Z,price_change,0.41,BUY,-170,0.92,0.9400
2026-01-08T02:14:41.995135Z,price_change,0.01,BUY,-10,0.92,0.9400
2026-01-08T02:14:41.995276Z,price_change,0.9600,SELL,2289,0.92,0.9400
2026-01-08T02:14:41.995532Z,price_change,0.55,BUY,-2216,0.92,0.9400
2026-01-08T02:14:41.995544Z,price_change,0.9500,SELL,2289,0.92,0.9400
2026-01-08T02:14:41.995595Z,price_change,0.89,BUY,264,0.92,0.9400
2026-01-08T02:14:42.000381Z,price_change,0.9500,SELL,2289,0.92,0.9400
2026-01-08T02:14:42.013106Z,price_change,0.41,BUY,4403,0.92,0.9400
2026-01-08T02:14:42.026787Z,price_change,0.92,BUY,176,0.92,0.9400
2026-01-08T02:14:42.029137Z,price_change,0.91,BUY,2289,0.92,0.9400
2026-01-08T02:14:42.030566Z,price_change,0.92,BUY,176,0.92,0.9400
2026-01-08T02:14:42.054643Z,price_change,0.92,BUY,2289,0.92,0.9400
2026-01-08T02:14:42.081188Z,price_change,0.91,BUY,69000,0.92,0.9400
2026-01-08T02:14:42.214254Z,price_change,0.87,BUY,-2000,0.92,0.9400
2026-01-08T02:14:42.215327Z,price_change,0.9900,SELL,-2000,0.92,0.9400
2026-01-08T02:14:42.216276Z,price_change,0.89,BUY,-690,0.92,0.9400
2026-01-08T02:14:42.217155Z,price_change,0.9700,SELL,-690,0.92,0.9400
2026-01-08T02:14:42.249585Z,price_change,0.89,BUY,-264,0.92,0.9400
2026-01-08T02:14:42.289546Z,price_change,0.84,BUY,264,0.92,0.9400
2026-01-08T02:14:42.326401Z,price_change,0.9400,SELL,-7500,0.92,0.9400
2026-01-08T02:14:43.131038Z,price_change,0.9400,SELL,-9,0.92,0.9400
1767838483,last_trade_price,0.94,BUY,9,0.92,0.9400
2026-01-08T02:14:43.329873Z,price_change,0.9700,SELL,-5000,0.92,0.9400
2026-01-08T02:14:43.329873Z,price_change,0.9800,SELL,5000,0.92,0.9400
2026-01-08T02:14:43.35696Z,price_change,0.9400,SELL,-6,0.92,0.9400
2026-01-08T02:14:43.362574Z,price_change,0.9500,SELL,-1,0.92,0.9400
2026-01-08T02:14:43.370523Z,price_change,0.9400,SELL,-9,0.92,0.9400
2026-01-08T02:14:43.376227Z,price_change,0.9600,SELL,-176,0.92,0.9400
2026-01-08T02:14:43.428935Z,price_change,0.9700,SELL,176,0.92,0.9400
2026-01-08T02:14:43.453136Z,price_change,0.9400,SELL,-1,0.92,0.9400
1767838483,last_trade_price,0.94,BUY,1,0.92,0.9400
2026-01-08T02:14:43.518976Z,price_change,0.92,BUY,-5000,0.92,0.9400
2026-01-08T02:14:43.518976Z,price_change,0.93,BUY,5000,0.93,0.9400
2026-01-08T02:14:43.532831Z,price_change,0.91,BUY,-746,0.93,0.9400
2026-01-08T02:14:43.53573Z,price_change,0.9400,SELL,-754,0.93,0.9400
2026-01-08T02:14:43.544505Z,price_change,0.36,BUY,-263,0.93,0.9400
2026-01-08T02:14:43.547478Z,price_change,0.92,BUY,746,0.93,0.9400
2026-01-08T02:14:43.547811Z,price_change,0.93,BUY,345,0.93,0.9400
2026-01-08T02:14:43.549969Z,price_change,0.9500,SELL,754,0.93,0.9400
2026-01-08T02:14:43.558786Z,price_change,0.8,BUY,-970,0.93,0.9400
2026-01-08T02:14:43.558786Z,price_change,0.81,BUY,970,0.93,0.9400
2026-01-08T02:14:43.564462Z,price_change,0.83,BUY,-750,0.93,0.9400
2026-01-08T02:14:43.564462Z,price_change,0.84,BUY,750,0.93,0.9400
2026-01-08T02:14:43.613747Z,price_change,0.84,BUY,-264,0.93,0.9400
2026-01-08T02:14:43.649387Z,price_change,0.85,BUY,264,0.93,0.9400
2026-01-08T02:14:43.716361Z,price_change,0.92,BUY,19321,0.93,0.9400
2026-01-08T02:14:43.763976Z,price_change,0.92,BUY,-9661,0.93,0.9400
2026-01-08T02:14:43.851846Z,price_change,0.9600,SELL,503,0.93,0.9400
2026-01-08T02:14:43.853703Z,price_change,0.92,BUY,503,0.93,0.9400
2026-01-08T02:14:43.862905Z,price_change,0.9500,SELL,-482,0.93,0.9400
2026-01-08T02:14:43.891975Z,price_change,0.91,BUY,-2289,0.93,0.9400
2026-01-08T02:14:43.929769Z,price_change,0.93,BUY,2289,0.93,0.9400
2026-01-08T02:14:44.070752Z,price_change,0.9700,SELL,-264,0.93,0.9400
2026-01-08T02:14:44.071208Z,price_change,0.92,BUY,-2289,0.93,0.9400
2026-01-08T02:14:44.071504Z,price_change,0.9500,SELL,-2289,0.93,0.9400
2026-01-08T02:14:44.072617Z,price_change,0.93,BUY,-2289,0.93,0.9400
2026-01-08T02:14:44.072923Z,price_change,0.9400,SELL,-2289,0.93,0.9400
2026-01-08T02:14:44.073952Z,price_change,0.85,BUY,-264,0.93,0.9400
2026-01-08T02:14:44.074084Z,price_change,0.9400,SELL,-2289,0.93,0.9400
2026-01-08T02:14:44.074915Z,price_change,0.41,BUY,-4403,0.93,0.9400
2026-01-08T02:14:44.075276Z,price_change,0.92,BUY,-176,0.93,0.9400
2026-01-08T02:14:44.075307Z,price_change,0.9700,SELL,-176,0.93,0.9400
2026-01-08T02:14:44.075846Z,price_change,0.9400,SELL,-2289,0.93,0.9400
2026-01-08T02:14:44.075919Z,price_change,0.9400,SELL,-176,0.93,0.9400
2026-01-08T02:14:44.078123Z,price_change,0.54,BUY,-704,0.93,0.9400
2026-01-08T02:14:44.081689Z,price_change,0.9500,SELL,-2289,0.93,0.9400
2026-01-08T02:14:44.099595Z,price_change,0.9600,SELL,-2289,0.93,0.9400
2026-01-08T02:14:44.099928Z,price_change,0.92,BUY,-176,0.93,0.9400
2026-01-08T02:14:44.130614Z,price_change,0.41,BUY,176,0.93,0.9400
2026-01-08T02:14:44.131054Z,price_change,0.54,BUY,2289,0.93,0.9400
2026-01-08T02:14:44.132034Z,price_change,0.55,BUY,2289,0.93,0.9400
2026-01-08T02:14:44.176772Z,price_change,0.91,BUY,-482,0.93,0.9400
2026-01-08T02:14:44.398668Z,price_change,0.82,BUY,62,0.93,0.9400
2026-01-08T02:14:44.42571Z,price_change,0.82,BUY,6099,0.93,0.9400
2026-01-08T02:14:44.434249Z,price_change,0.9900,SELL,-2831,0.93,0.9400
2026-01-08T02:14:44.714064Z,price_change,0.54,BUY,-2289,0.93,0.9400
2026-01-08T02:14:44.715003Z,price_change,0.41,BUY,-176,0.93,0.9400
2026-01-08T02:14:44.715207Z,price_change,0.91,BUY,283,0.93,0.9400
2026-01-08T02:14:44.716486Z,price_change,0.9900,SELL,283,0.93,0.9400
2026-01-08T02:14:44.716488Z,price_change,0.9600,SELL,2460,0.93,0.9400
2026-01-08T02:14:44.716999Z,price_change,0.9700,SELL,189,0.93,0.9400
2026-01-08T02:14:44.717324Z,price_change,0.55,BUY,-2289,0.93,0.9400
2026-01-08T02:14:44.717361Z,price_change,0.9500,SELL,2460,0.93,0.9400
2026-01-08T02:14:44.718239Z,price_change,0.9600,SELL,189,0.93,0.9400
2026-01-08T02:14:44.718362Z,price_change,0.5,BUY,4731,0.93,0.9400
2026-01-08T02:14:44.719008Z,price_change,0.93,BUY,189,0.93,0.9400
2026-01-08T02:14:44.719083Z,price_change,0.9600,SELL,2460,0.93,0.9400
2026-01-08T02:14:44.720137Z,price_change,0.9700,SELL,2460,0.93,0.9400
2026-01-08T02:14:44.741985Z,price_change,0.54,BUY,757,0.93,0.9400
2026-01-08T02:14:44.761504Z,price_change,0.93,BUY,2460,0.93,0.9400
2026-01-08T02:14:44.763373Z,price_change,0.93,BUY,189,0.93,0.9400
2026-01-08T02:14:44.7867Z,price_change,0.9400,SELL,-239,0.93,0.9500
2026-01-08T02:14:44.7867Z,price_change,0.94,BUY,2221,0.94,0.9500
1767838484,last_trade_price,0.94,BUY,239,0.94,0.9500
2026-01-08T02:14:44.798452Z,price_change,0.92,BUY,-746,0.94,0.9500
2026-01-08T02:14:44.801507Z,price_change,0.9500,SELL,-754,0.94,0.9500
2026-01-08T02:14:44.811114Z,price_change,0.93,BUY,746,0.94,0.9500
2026-01-08T02:14:44.814121Z,price_change,0.9700,SELL,-343,0.94,0.9500
2026-01-08T02:14:44.817982Z,price_change,0.9600,SELL,754,0.94,0.9500
2026-01-08T02:14:44.827436Z,price_change,0.93,BUY,-189,0.94,0.9500
2026-01-08T02:14:44.833953Z,price_change,0.92,BUY,-2480,0.94,0.9500
2026-01-08T02:14:44.852828Z,price_change,0.94,BUY,2500,0.94,0.9500
2026-01-08T02:14:44.857932Z,price_change,0.81,BUY,-970,0.94,0.9500
2026-01-08T02:14:44.857932Z,price_change,0.82,BUY,970,0.94,0.9500
2026-01-08T02:14:44.865321Z,price_change,0.94,BUY,189,0.94,0.9500
2026-01-08T02:14:44.984074Z,price_change,0.84,BUY,-750,0.94,0.9500
2026-01-08T02:14:44.984074Z,price_change,0.85,BUY,750,0.94,0.9500
2026-01-08T02:14:45.00008Z,price_change,0.91,BUY,-69000,0.94,0.9500
2026-01-08T02:14:45.046104Z,price_change,0.91,BUY,-283,0.94,0.9500
2026-01-08T02:14:45.086988Z,price_change,0.86,BUY,283,0.94,0.9500
2026-01-08T02:14:45.202582Z,price_change,0.94,BUY,-200,0.94,0.9500
1767838485,last_trade_price,0.06,SELL,200,0.94,0.9500
2026-01-08T02:14:45.259317Z,price_change,0.9500,SELL,-2460,0.94,0.9500
2026-01-08T02:14:45.295541Z,price_change,0.9800,SELL,2460,0.94,0.9500
2026-01-08T02:14:45.299126Z,price_change,0.9700,SELL,2460,0.94,0.9500
2026-01-08T02:14:45.324528Z,price_change,0.9600,SELL,2460,0.94,0.9500
2026-01-08T02:14:45.532367Z,price_change,0.94,BUY,-78,0.94,0.9500
1767838485,last_trade_price,0.06,SELL,78,0.94,0.9500
2026-01-08T02:14:46.082235Z,price_change,0.94,BUY,-159,0.94,0.9500
1767838486,last_trade_price,0.06,SELL,159,0.94,0.9500
2026-01-08T02:14:47.012558Z,price_change,0.9600,SELL,691,0.94,0.9500
2026-01-08T02:14:47.039926Z,price_change,0.76,BUY,691,0.94,0.9500
2026-01-08T02:14:47.058659Z,price_change,0.9700,SELL,-189,0.94,0.9500
2026-01-08T02:14:47.094059Z,price_change,0.9600,SELL,189,0.94,0.9500
2026-01-08T02:14:47.131952Z,price_change,0.9600,SELL,24,0.94,0.9500
2026-01-08T02:14:47.191052Z,price_change,0.9600,SELL,1,0.94,0.9500
2026-01-08T02:14:48.771573Z,price_change,0.92,BUY,2000,0.94,0.9500
2026-01-08T02:14:49.001786Z,price_change,0.9600,SELL,-691,0.94,0.9500
2026-01-08T02:14:49.001786Z,price_change,0.76,BUY,-691,0.94,0.9500
2026-01-08T02:14:49.054278Z,price_change,0.9600,SELL,-189,0.94,0.9500
2026-01-08T02:14:49.078802Z,price_change,0.9600,SELL,-23,0.94,0.9500
2026-01-08T02:14:49.100867Z,price_change,0.9700,SELL,189,0.94,0.9500
2026-01-08T02:14:50.102046Z,price_change,0.94,BUY,690,0.94,0.9500
2026-01-08T02:14:50.103486Z,price_change,0.9800,SELL,690,0.94,0.9500
2026-01-08T02:14:50.214972Z,price_change,0.9600,SELL,-150,0.94,0.9500
2026-01-08T02:14:50.253217Z,price_change,0.9700,SELL,150,0.94,0.9500
2026-01-08T02:14:50.25611Z,price_change,0.93,BUY,150,0.94,0.9500
2026-01-08T02:14:50.273195Z,price_change,0.92,BUY,-150,0.94,0.9500
2026-01-08T02:14:51.070278Z,price_change,0.9500,SELL,11695,0.94,0.9500
2026-01-08T02:14:51.14516Z,price_change,0.9600,SELL,-1,0.94,0.9500
2026-01-08T02:14:51.205097Z,price_change,0.9600,SELL,-2460,0.94,0.9500
2026-01-08T02:14:51.206027Z,price_change,0.9700,SELL,-189,0.94,0.9500
2026-01-08T02:14:51.206715Z,price_change,0.5,BUY,-4731,0.94,0.9500
2026-01-08T02:14:51.207283Z,price_change,0.94,BUY,-1784,0.94,0.9500
2026-01-08T02:14:51.207586Z,price_change,0.94,BUY,-189,0.94,0.9500
2026-01-08T02:14:51.207807Z,price_change,0.54,BUY,-757,0.94,0.9500
2026-01-08T02:14:51.210129Z,price_change,0.9700,SELL,-2460,0.94,0.9500
2026-01-08T02:14:51.227149Z,price_change,0.93,BUY,-2460,0.94,0.9500
2026-01-08T02:14:51.22881Z,price_change,0.93,BUY,-189,0.94,0.9500
2026-01-08T02:14:51.232168Z,price_change,0.9600,SELL,-2460,0.94,0.9500
2026-01-08T02:14:51.234326Z,price_change,0.9700,SELL,-2460,0.94,0.9500
2026-01-08T02:14:51.234371Z,price_change,0.9600,SELL,-189,0.94,0.9500
2026-01-08T02:14:51.234454Z,price_change,0.9600,SELL,-2460,0.94,0.9500
2026-01-08T02:14:51.23702Z,price_change,0.9800,SELL,-2460,0.94,0.9500
2026-01-08T02:14:51.237935Z,price_change,0.86,BUY,-283,0.94,0.9500
2026-01-08T02:14:51.248496Z,price_change,0.9900,SELL,-283,0.94,0.9500
2026-01-08T02:14:51.291388Z,price_change,0.54,BUY,2460,0.94,0.9500
2026-01-08T02:14:51.319412Z,price_change,0.55,BUY,2460,0.94,0.9500
2026-01-08T02:14:51.350208Z,price_change,0.41,BUY,189,0.94,0.9500
2026-01-08T02:14:52.42976Z,price_change,0.94,BUY,-2500,0.94,0.9500
2026-01-08T02:14:52.42976Z,price_change,0.94,BUY,-690,0.93,0.9500
1767838492,last_trade_price,0.06,SELL,2500,0.93,0.9500
1767838492,last_trade_price,0.06,SELL,690,0.93,0.9500
2026-01-08T02:14:52.468376Z,price_change,0.85,BUY,-750,0.93,0.9500
2026-01-08T02:14:52.468376Z,price_change,0.84,BUY,750,0.93,0.9500
2026-01-08T02:14:52.472604Z,price_change,0.93,BUY,2500,0.93,0.9500
2026-01-08T02:14:52.486584Z,price_change,0.9500,SELL,7500,0.93,0.9500
2026-01-08T02:14:52.506902Z,price_change,0.82,BUY,-970,0.93,0.9500
2026-01-08T02:14:52.506902Z,price_change,0.81,BUY,970,0.93,0.9500
2026-01-08T02:14:52.618711Z,price_change,0.92,BUY,-9660,0.93,0.9500
2026-01-08T02:14:52.87192Z,price_change,0.9500,SELL,-1,0.93,0.9500
1767838492,last_trade_price,0.95,BUY,1,0.93,0.9500
2026-01-08T02:14:52.947672Z,price_change,0.92,BUY,1000,0.93,0.9500
2026-01-08T02:14:52.952252Z,price_change,0.92,BUY,480,0.93,0.9500
2026-01-08T02:14:53.57011Z,price_change,0.9400,SELL,412,0.93,0.9400
2026-01-08T02:14:53.582145Z,price_change,0.93,BUY,-746,0.93,0.9400
2026-01-08T02:14:53.58485Z,price_change,0.9600,SELL,-754,0.93,0.9400
2026-01-08T02:14:53.594705Z,price_change,0.92,BUY,746,0.93,0.9400
2026-01-08T02:14:53.599204Z,price_change,0.9500,SELL,754,0.93,0.9400
2026-01-08T02:14:53.645736Z,price_change,0.9500,SELL,1,0.93,0.9400
2026-01-08T02:14:54.741276Z,price_change,0.82,BUY,-62,0.93,0.9400
2026-01-08T02:14:54.786114Z,price_change,0.82,BUY,-6099,0.93,0.9400
2026-01-08T02:14:55.251295Z,price_change,0.9800,SELL,200,0.93,0.9400
2026-01-08T02:14:55.278289Z,price_change,0.93,BUY,200,0.93,0.9400
2026-01-08T02:14:55.352624Z,price_change,0.92,BUY,125,0.93,0.9400
2026-01-08T02:14:55.353193Z,price_change,0.9800,SELL,300,0.93,0.9400
2026-01-08T02:14:56.693107Z,price_change,0.93,BUY,-52,0.93,0.9400
1767838496,last_trade_price,0.07,SELL,52,0.93,0.9400
2026-01-08T02:14:56.7441Z,price_change,0.93,BUY,52,0.93,0.9400
2026-01-08T02:14:57.99141Z,price_change,0.9400,SELL,-100,0.93,0.9400
1767838497,last_trade_price,0.94,BUY,100,0.93,0.9400
2026-01-08T02:14:58.69248Z,price_change,0.9500,SELL,-11695,0.93,0.9400
2026-01-08T02:15:01.241004Z,price_change,0.9600,SELL,188,0.93,0.9400
2026-01-08T02:15:01.241514Z,price_change,0.9600,SELL,2453,0.93,0.9400
2026-01-08T02:15:01.242627Z,price_change,0.9600,SELL,2453,0.93,0.9400
2026-01-08T02:15:01.244253Z,price_change,0.9900,SELL,283,0.93,0.9400
2026-01-08T02:15:01.244524Z,price_change,0.54,BUY,-2460,0.93,0.9400
2026-01-08T02:15:01.247505Z,price_change,0.55,BUY,-2460,0.93,0.9400
2026-01-08T02:15:01.24971Z,price_change,0.9600,SELL,2453,0.93,0.9400
2026-01-08T02:15:01.261968Z,price_change,0.5,BUY,4717,0.93,0.9400
2026-01-08T02:15:01.26608Z,price_change,0.9700,SELL,2453,0.93,0.9400
2026-01-08T02:15:01.26625Z,price_change,0.85,BUY,283,0.93,0.9400
2026-01-08T02:15:01.266635Z,price_change,0.41,BUY,-189,0.93,0.9400
2026-01-08T02:15:01.270778Z,price_change,0.9700,SELL,188,0.93,0.9400
2026-01-08T02:15:01.272065Z,price_change,0.54,BUY,754,0.93,0.9400
2026-01-08T02:15:01.274166Z,price_change,0.9800,SELL,2453,0.93,0.9400
2026-01-08T02:15:01.282975Z,price_change,0.93,BUY,188,0.93,0.9400
2026-01-08T02:15:01.283539Z,price_change,0.9700,SELL,2453,0.93,0.9400
2026-01-08T02:15:01.337919Z,price_change,0.93,BUY,188,0.93,0.9400
2026-01-08T02:15:01.354295Z,price_change,0.93,BUY,2453,0.93,0.9400
2026-01-08T02:15:01.374479Z,price_change,0.9400,SELL,-312,0.93,0.9500
2026-01-08T02:15:01.374479Z,price_change,0.94,BUY,2141,0.94,0.9500
1767838501,last_trade_price,0.94,BUY,312,0.94,0.9500
2026-01-08T02:15:01.390882Z,price_change,0.92,BUY,-746,0.94,0.9500
2026-01-08T02:15:01.39347Z,price_change,0.9500,SELL,-754,0.94,0.9500
2026-01-08T02:15:01.399107Z,price_change,0.93,BUY,746,0.94,0.9500
2026-01-08T02:15:01.399469Z,price_change,0.92,BUY,-480,0.94,0.9500
2026-01-08T02:15:01.400787Z,price_change,0.92,BUY,-1000,0.94,0.9500
2026-01-08T02:15:01.403939Z,price_change,0.9600,SELL,754,0.94,0.9500
2026-01-08T02:15:01.411147Z,price_change,0.53,BUY,-372,0.94,0.9500
2026-01-08T02:15:01.413518Z,price_change,0.36,BUY,350,0.94,0.9500
2026-01-08T02:15:01.417184Z,price_change,0.81,BUY,-970,0.94,0.9500
2026-01-08T02:15:01.417184Z,price_change,0.82,BUY,970,0.94,0.9500
2026-01-08T02:15:01.421845Z,price_change,0.93,BUY,-188,0.94,0.9500
2026-01-08T02:15:01.45753Z,price_change,0.54,BUY,-754,0.94,0.9500
2026-01-08T02:15:01.459503Z,price_change,0.94,BUY,188,0.94,0.9500
2026-01-08T02:15:01.489376Z,price_change,0.93,BUY,-2500,0.94,0.9500
2026-01-08T02:15:01.500508Z,price_change,0.51,BUY,754,0.94,0.9500
2026-01-08T02:15:01.50868Z,price_change,0.94,BUY,2500,0.94,0.9500
2026-01-08T02:15:02.041861Z,price_change,0.84,BUY,-750,0.94,0.9500
2026-01-08T02:15:02.041861Z,price_change,0.85,BUY,750,0.94,0.9500
2026-01-08T02:15:02.113334Z,price_change,0.85,BUY,-283,0.94,0.9500
2026-01-08T02:15:02.184809Z,price_change,0.86,BUY,283,0.94,0.9500
2026-01-08T02:15:02.255651Z,price_change,0.9500,SELL,-1,0.94,0.9500
2026-01-08T02:15:02.255651Z,price_change,0.9600,SELL,1,0.94,0.9500
2026-01-08T02:15:02.358847Z,price_change,0.9600,SELL,691,0.94,0.9500
2026-01-08T02:15:02.36113Z,price_change,0.76,BUY,691,0.94,0.9500
2026-01-08T02:15:05.00125Z,price_change,0.9600,SELL,-691,0.94,0.9500
2026-01-08T02:15:05.00125Z,price_change,0.76,BUY,-691,0.94,0.9500
2026-01-08T02:15:05.12834Z,price_change,0.9500,SELL,-499,0.94,0.9500
2026-01-08T02:15:05.12834Z,price_change,0.9500,SELL,-16,0.94,0.9500
1767838505,last_trade_price,0.95,BUY,499,0.94,0.9500
1767838505,last_trade_price,0.95,BUY,16,0.94,0.9500
2026-01-08T02:15:05.173262Z,price_change,0.9500,SELL,-7484,0.94,0.9600
2026-01-08T02:15:05.196513Z,price_change,0.9800,SELL,-162,0.94,0.9600
2026-01-08T02:15:05.196783Z,price_change,0.9600,SELL,7500,0.94,0.9600
2026-01-08T02:15:05.983785Z,price_change,0.94,BUY,-11,0.94,0.9600
1767838505,last_trade_price,0.06,SELL,11,0.94,0.9600
2026-01-08T02:15:06.521272Z,price_change,0.94,BUY,-34,0.94,0.9600
1767838506,last_trade_price,0.06,SELL,34,0.94,0.9600
2026-01-08T02:15:08.096064Z,price_change,0.94,BUY,-54,0.94,0.9600
1767838508,last_trade_price,0.06,SELL,54,0.94,0.9600
2026-01-08T02:15:08.582971Z,price_change,0.9800,SELL,-300,0.94,0.9600
2026-01-08T02:15:08.584351Z,price_change,0.92,BUY,-125,0.94,0.9600
2026-01-08T02:15:08.596107Z,price_change,0.9800,SELL,-200,0.94,0.9600
2026-01-08T02:15:08.596205Z,price_change,0.93,BUY,-200,0.94,0.9600
2026-01-08T02:15:09.39202Z,price_change,0.9900,SELL,69000,0.94,0.9600
2026-01-08T02:15:09.528201Z,price_change,0.92,BUY,-2000,0.94,0.9600
2026-01-08T02:15:09.531099Z,price_change,0.9800,SELL,-690,0.94,0.9600
2026-01-08T02:15:09.701815Z,price_change,0.94,BUY,-2500,0.94,0.9600
2026-01-08T02:15:09.723053Z,price_change,0.93,BUY,-345,0.94,0.9600
2026-01-08T02:15:09.725803Z,price_change,0.52,BUY,348,0.94,0.9600
2026-01-08T02:15:09.776003Z,price_change,0.51,BUY,-754,0.94,0.9600
2026-01-08T02:15:09.832698Z,price_change,0.53,BUY,754,0.94,0.9600
2026-01-08T02:15:10.548425Z,price_change,0.94,BUY,-176,0.94,0.9600
1767838510,last_trade_price,0.06,SELL,176,0.94,0.9600
2026-01-08T02:15:10.827866Z,price_change,0.9600,SELL,-7,0.94,0.9600
2026-01-08T02:15:10.827866Z,price_change,0.9600,SELL,-143,0.94,0.9600
1767838510,last_trade_price,0.96,BUY,7,0.94,0.9600
1767838510,last_trade_price,0.96,BUY,143,0.94,0.9600
2026-01-08T02:15:10.928469Z,price_change,0.82,BUY,6099,0.94,0.9600
2026-01-08T02:15:10.982904Z,price_change,0.82,BUY,62,0.94,0.9600
2026-01-08T02:15:11.079895Z,price_change,0.86,BUY,-283,0.94,0.9600
2026-01-08T02:15:11.07999Z,price_change,0.9600,SELL,-2453,0.94,0.9600
2026-01-08T02:15:11.080081Z,price_change,0.9700,SELL,-2453,0.94,0.9600
2026-01-08T02:15:11.08023Z,price_change,0.93,BUY,-188,0.94,0.9600
2026-01-08T02:15:11.080504Z,price_change,0.53,BUY,-754,0.94,0.9600
2026-01-08T02:15:11.080714Z,price_change,0.9900,SELL,-283,0.94,0.9600
2026-01-08T02:15:11.081514Z,price_change,0.9600,SELL,-2453,0.94,0.9600
2026-01-08T02:15:11.0819Z,price_change,0.5,BUY,-4717,0.94,0.9600
2026-01-08T02:15:11.082561Z,price_change,0.94,BUY,-1866,0.94,0.9600
2026-01-08T02:15:11.082668Z,price_change,0.9600,SELL,-2453,0.94,0.9600
2026-01-08T02:15:11.083543Z,price_change,0.94,BUY,-188,0.93,0.9600
2026-01-08T02:15:11.083577Z,price_change,0.9800,SELL,-2453,0.93,0.9600
2026-01-08T02:15:11.099318Z,price_change,0.93,BUY,-2453,0.93,0.9600
2026-01-08T02:15:11.099965Z,price_change,0.9600,SELL,-188,0.93,0.9600
2026-01-08T02:15:11.099989Z,price_change,0.9700,SELL,-2453,0.93,0.9600
2026-01-08T02:15:11.100783Z,price_change,0.9700,SELL,-188,0.93,0.9600
2026-01-08T02:15:11.125637Z,price_change,0.85,BUY,-750,0.93,0.9600
2026-01-08T02:15:11.125637Z,price_change,0.84,BUY,750,0.93,0.9600
2026-01-08T02:15:11.167578Z,price_change,0.53,BUY,2453,0.93,0.9600
2026-01-08T02:15:11.167979Z,price_change,0.54,BUY,2453,0.93,0.9600
2026-01-08T02:15:11.170369Z,price_change,0.41,BUY,188,0.93,0.9600
2026-01-08T02:15:11.260585Z,price_change,0.9800,SELL,-5000,0.93,0.9600
2026-01-08T02:15:11.262579Z,price_change,0.93,BUY,-5000,0.93,0.9600
2026-01-08T02:15:11.262579Z,price_change,0.83,BUY,1500,0.93,0.9600
2026-01-08T02:15:11.313908Z,price_change,0.9600,SELL,-360,0.93,0.9600
2026-01-08T02:15:11.31569Z,price_change,0.92,BUY,-503,0.93,0.9600
2026-01-08T02:15:11.336639Z,price_change,0.9,BUY,500,0.93,0.9600
2026-01-08T02:15:11.473687Z,price_change,0.82,BUY,-6099,0.93,0.9600
2026-01-08T02:15:11.60475Z,price_change,0.92,BUY,480,0.93,0.9600
2026-01-08T02:15:11.626746Z,price_change,0.9,BUY,-500,0.93,0.9600
2026-01-08T02:15:11.642422Z,price_change,0.92,BUY,1000,0.93,0.9600
2026-01-08T02:15:11.767829Z,price_change,0.9600,SELL,188,0.93,0.9600
2026-01-08T02:15:11.768271Z,price_change,0.41,BUY,-188,0.93,0.9600
2026-01-08T02:15:11.77036Z,price_change,0.9600,SELL,2451,0.93,0.9600
2026-01-08T02:15:11.770702Z,price_change,0.53,BUY,-2453,0.93,0.9600
2026-01-08T02:15:11.77127Z,price_change,0.31,BUY,188,0.93,0.9600
2026-01-08T02:15:11.771305Z,price_change,0.9600,SELL,188,0.93,0.9600
2026-01-08T02:15:11.771325Z,price_change,0.9500,SELL,2451,0.93,0.9500
2026-01-08T02:15:11.771373Z,price_change,0.5,BUY,4715,0.93,0.9500
2026-01-08T02:15:11.772239Z,price_change,0.9700,SELL,2451,0.93,0.9500
2026-01-08T02:15:11.772248Z,price_change,0.85,BUY,282,0.93,0.9500
2026-01-08T02:15:11.772277Z,price_change,0.53,BUY,754,0.93,0.9500
2026-01-08T02:15:11.772498Z,price_change,0.9600,SELL,2451,0.93,0.9500
2026-01-08T02:15:11.772971Z,price_change,0.9900,SELL,282,0.93,0.9500
2026-01-08T02:15:11.773498Z,price_change,0.54,BUY,-2453,0.93,0.9500
2026-01-08T02:15:11.806619Z,price_change,0.9800,SELL,386,0.93,0.9500
2026-01-08T02:15:11.849462Z,price_change,0.94,BUY,2451,0.94,0.9500
2026-01-08T02:15:11.850815Z,price_change,0.93,BUY,2451,0.94,0.9500
2026-01-08T02:15:11.8511Z,price_change,0.94,BUY,188,0.94,0.9500
2026-01-08T02:15:11.873634Z,price_change,0.92,BUY,-1000,0.94,0.9500
2026-01-08T02:15:11.875626Z,price_change,0.92,BUY,-480,0.94,0.9500
2026-01-08T02:15:11.876631Z,price_change,0.9600,SELL,-7500,0.94,0.9500
2026-01-08T02:15:11.89216Z,price_change,0.5,BUY,-4715,0.94,0.9500
2026-01-08T02:15:11.894277Z,price_change,0.31,BUY,-188,0.94,0.9500
2026-01-08T02:15:11.895152Z,price_change,0.53,BUY,-754,0.94,0.9500
2026-01-08T02:15:11.896683Z,price_change,0.9500,SELL,7500,0.94,0.9500
2026-01-08T02:15:11.904983Z,price_change,0.84,BUY,-750,0.94,0.9500
2026-01-08T02:15:11.904983Z,price_change,0.85,BUY,750,0.94,0.9500
2026-01-08T02:15:11.938757Z,price_change,0.9600,SELL,-188,0.94,0.9500
2026-01-08T02:15:11.939106Z,price_change,0.9600,SELL,-188,0.94,0.9500
2026-01-08T02:15:11.939592Z,price_change,0.55,BUY,754,0.94,0.9500
2026-01-08T02:15:11.940071Z,price_change,0.55,BUY,188,0.94,0.9500
2026-01-08T02:15:11.940544Z,price_change,0.41,BUY,4715,0.94,0.9500
2026-01-08T02:15:11.952412Z,price_change,0.85,BUY,-282,0.94,0.9500
2026-01-08T02:15:11.97239Z,price_change,0.9700,SELL,188,0.94,0.9500
2026-01-08T02:15:11.974479Z,price_change,0.9700,SELL,188,0.94,0.9500
2026-01-08T02:15:11.989605Z,price_change,0.86,BUY,282,0.94,0.9500
2026-01-08T02:15:12.000585Z,price_change,0.9900,SELL,-69000,0.94,0.9500
2026-01-08T02:15:12.058917Z,price_change,0.9500,SELL,-2451,0.94,0.9500
2026-01-08T02:15:12.095143Z,price_change,0.9800,SELL,2451,0.94,0.9500
2026-01-08T02:15:12.098672Z,price_change,0.9700,SELL,2451,0.94,0.9500
2026-01-08T02:15:12.099278Z,price_change,0.9600,SELL,2451,0.94,0.9500
2026-01-08T02:15:12.13037Z,price_change,0.9500,SELL,-7500,0.94,0.9600
2026-01-08T02:15:12.170271Z,price_change,0.9600,SELL,-2451,0.94,0.9600
2026-01-08T02:15:12.170895Z,price_change,0.9600,SELL,-2451,0.94,0.9600
2026-01-08T02:15:12.17268Z,price_change,0.9600,SELL,-2451,0.94,0.9600
2026-01-08T02:15:12.218241Z,price_change,0.9900,SELL,2451,0.94,0.9600
2026-01-08T02:15:12.221535Z,price_change,0.9700,SELL,2451,0.94,0.9600
2026-01-08T02:15:12.223932Z,price_change,0.9800,SELL,2451,0.94,0.9600
2026-01-08T02:15:12.229508Z,price_change,0.93,BUY,-746,0.94,0.9600
2026-01-08T02:15:12.231282Z,price_change,0.9600,SELL,-754,0.94,0.9600
2026-01-08T02:15:12.240127Z,price_change,0.94,BUY,746,0.94,0.9600
2026-01-08T02:15:12.241404Z,price_change,0.9700,SELL,754,0.94,0.9600
2026-01-08T02:15:12.241638Z,price_change,0.9600,SELL,7500,0.94,0.9600
2026-01-08T02:15:12.286436Z,price_change,0.9800,SELL,-2451,0.94,0.9600
2026-01-08T02:15:12.287499Z,price_change,0.9700,SELL,-188,0.94,0.9600
2026-01-08T02:15:12.287831Z,price_change,0.9700,SELL,-2451,0.94,0.9600
2026-01-08T02:15:12.288656Z,price_change,0.9700,SELL,-188,0.94,0.9600
2026-01-08T02:15:12.304011Z,price_change,0.9900,SELL,-2451,0.94,0.9600
2026-01-08T02:15:12.341927Z,price_change,0.9600,SELL,188,0.94,0.9600
2026-01-08T02:15:12.343484Z,price_change,0.9600,SELL,2451,0.94,0.9600
2026-01-08T02:15:12.343872Z,price_change,0.9600,SELL,188,0.94,0.9600
2026-01-08T02:15:12.345036Z,price_change,0.9600,SELL,2451,0.94,0.9600
2026-01-08T02:15:12.367566Z,price_change,0.9600,SELL,2451,0.94,0.9600
2026-01-08T02:15:12.42412Z,price_change,0.94,BUY,-2451,0.94,0.9600
2026-01-08T02:15:12.42412Z,price_change,0.94,BUY,-188,0.94,0.9600
2026-01-08T02:15:12.42412Z,price_change,0.94,BUY,-746,0.93,0.9600
2026-01-08T02:15:12.42412Z,price_change,0.9400,SELL,20255,0.93,0.9400
1767838512,last_trade_price,0.06,SELL,2451,0.93,0.9400
1767838512,last_trade_price,0.06,SELL,188,0.93,0.9400
1767838512,last_trade_price,0.06,SELL,746,0.93,0.9400
2026-01-08T02:15:12.434536Z,price_change,0.9700,SELL,-754,0.93,0.9400
2026-01-08T02:15:12.438449Z,price_change,0.92,BUY,373,0.93,0.9400
2026-01-08T02:15:12.447871Z,price_change,0.9500,SELL,1127,0.93,0.9400
2026-01-08T02:15:12.459753Z,price_change,0.82,BUY,-970,0.93,0.9400
2026-01-08T02:15:12.459753Z,price_change,0.81,BUY,970,0.93,0.9400
2026-01-08T02:15:12.46235Z,price_change,0.9600,SELL,-2451,0.93,0.9400
2026-01-08T02:15:12.465044Z,price_change,0.9900,SELL,-282,0.93,0.9400
2026-01-08T02:15:12.466295Z,price_change,0.9800,SELL,-2451,0.93,0.9400
2026-01-08T02:15:12.466404Z,price_change,0.85,BUY,-750,0.93,0.9400
2026-01-08T02:15:12.466404Z,price_change,0.84,BUY,750,0.93,0.9400
2026-01-08T02:15:12.467514Z,price_change,0.92,BUY,2451,0.93,0.9400
2026-01-08T02:15:12.468267Z,price_change,0.92,BUY,-373,0.93,0.9400
2026-01-08T02:15:12.469086Z,price_change,0.9400,SELL,-8435,0.93,0.9400
2026-01-08T02:15:12.469215Z,price_change,0.9500,SELL,-1127,0.93,0.9400
2026-01-08T02:15:12.469908Z,price_change,0.9700,SELL,-2451,0.93,0.9400
2026-01-08T02:15:12.482668Z,price_change,0.91,BUY,373,0.93,0.9400
2026-01-08T02:15:12.485206Z,price_change,0.9400,SELL,1127,0.93,0.9400
2026-01-08T02:15:12.487178Z,price_change,0.9600,SELL,-7500,0.93,0.9400
2026-01-08T02:15:12.500962Z,price_change,0.9600,SELL,-1,0.93,0.9400
2026-01-08T02:15:12.503078Z,price_change,0.86,BUY,-282,0.93,0.9400
2026-01-08T02:15:12.514032Z,price_change,0.9500,SELL,2451,0.93,0.9400
2026-01-08T02:15:12.514233Z,price_change,0.9800,SELL,282,0.93,0.9400
2026-01-08T02:15:12.514733Z,price_change,0.9500,SELL,2451,0.93,0.9400
2026-01-08T02:15:12.517433Z,price_change,0.9500,SELL,2451,0.93,0.9400
2026-01-08T02:15:12.523471Z,price_change,0.9600,SELL,-188,0.93,0.9400
2026-01-08T02:15:12.525486Z,price_change,0.9600,SELL,-188,0.93,0.9400
2026-01-08T02:15:12.54729Z,price_change,0.85,BUY,282,0.93,0.9400
2026-01-08T02:15:12.550721Z,price_change,0.9500,SELL,-2451,0.93,0.9400
2026-01-08T02:15:12.551495Z,price_change,0.9500,SELL,-2451,0.93,0.9400
2026-01-08T02:15:12.552677Z,price_change,0.9500,SELL,-2451,0.93,0.9400
2026-01-08T02:15:12.564804Z,price_change,0.9500,SELL,7500,0.93,0.9400
2026-01-08T02:15:12.576789Z,price_change,0.9700,SELL,188,0.93,0.9400
2026-01-08T02:15:12.577775Z,price_change,0.9700,SELL,188,0.93,0.9400
2026-01-08T02:15:12.599321Z,price_change,0.9800,SELL,2451,0.93,0.9400
2026-01-08T02:15:12.600258Z,price_change,0.9600,SELL,2451,0.93,0.9400
2026-01-08T02:15:12.601044Z,price_change,0.9700,SELL,2451,0.93,0.9400
2026-01-08T02:15:12.614509Z,price_change,0.9700,SELL,-188,0.93,0.9400
2026-01-08T02:15:12.636087Z,price_change,0.9700,SELL,-2451,0.93,0.9400
2026-01-08T02:15:12.637374Z,price_change,0.9800,SELL,-2451,0.93,0.9400
2026-01-08T02:15:12.637863Z,price_change,0.9600,SELL,-2451,0.93,0.9400
2026-01-08T02:15:12.652004Z,price_change,0.9500,SELL,188,0.93,0.9400
2026-01-08T02:15:12.672802Z,price_change,0.9500,SELL,2451,0.93,0.9400
2026-01-08T02:15:12.67387Z,price_change,0.9500,SELL,2451,0.93,0.9400
2026-01-08T02:15:12.673967Z,price_change,0.9500,SELL,2451,0.93,0.9400
2026-01-08T02:15:12.716419Z,price_change,0.9500,SELL,-7500,0.93,0.9400
2026-01-08T02:15:12.757508Z,price_change,0.9500,SELL,-2451,0.93,0.9400
2026-01-08T02:15:12.758988Z,price_change,0.9500,SELL,-2451,0.93,0.9400
2026-01-08T02:15:12.759107Z,price_change,0.9500,SELL,-2451,0.93,0.9400
2026-01-08T02:15:12.762726Z,price_change,0.9500,SELL,-188,0.93,0.9400
2026-01-08T02:15:12.809487Z,price_change,0.9700,SELL,2451,0.93,0.9400
2026-01-08T02:15:12.810439Z,price_change,0.9700,SELL,188,0.93,0.9400
2026-01-08T02:15:12.810511Z,price_change,0.9800,SELL,2451,0.93,0.9400
2026-01-08T02:15:12.813878Z,price_change,0.9600,SELL,2451,0.93,0.9400
2026-01-08T02:15:12.816519Z,price_change,0.9900,SELL,5658,0.93,0.9400
2026-01-08T02:15:12.935686Z,price_change,0.9600,SELL,-1,0.93,0.9400
2026-01-08T02:15:12.935686Z,price_change,0.9500,SELL,1,0.93,0.9400
2026-01-08T02:15:12.973464Z,price_change,0.9400,SELL,7500,0.93,0.9400
2026-01-08T02:15:13.10928Z,price_change,0.9700,SELL,-150,0.93,0.9400
2026-01-08T02:15:13.10928Z,price_change,0.93,BUY,-150,0.93,0.9400
2026-01-08T02:15:13.150452Z,price_change,0.93,BUY,-2451,0.92,0.9400
2026-01-08T02:15:13.173854Z,price_change,0.9700,SELL,167,0.92,0.9400
2026-01-08T02:15:13.186638Z,price_change,0.84,BUY,-750,0.92,0.9400
2026-01-08T02:15:13.186638Z,price_change,0.83,BUY,750,0.92,0.9400
2026-01-08T02:15:13.187251Z,price_change,0.9700,SELL,-2451,0.92,0.9400
2026-01-08T02:15:13.187377Z,price_change,0.9600,SELL,-2451,0.92,0.9400
2026-01-08T02:15:13.187859Z,price_change,0.9800,SELL,-2451,0.92,0.9400
2026-01-08T02:15:13.189154Z,price_change,0.9600,SELL,-2451,0.92,0.9400
2026-01-08T02:15:13.189264Z,price_change,0.9700,SELL,-2451,0.92,0.9400
2026-01-08T02:15:13.196845Z,price_change,0.91,BUY,2451,0.92,0.9400
2026-01-08T02:15:13.214879Z,price_change,0.9700,SELL,-188,0.92,0.9400
2026-01-08T02:15:13.220606Z,price_change,0.9500,SELL,2451,0.92,0.9400
2026-01-08T02:15:13.22187Z,price_change,0.85,BUY,-282,0.92,0.9400
2026-01-08T02:15:13.223792Z,price_change,0.9400,SELL,2451,0.92,0.9400
2026-01-08T02:15:13.223857Z,price_change,0.55,BUY,-188,0.92,0.9400
2026-01-08T02:15:13.224433Z,price_change,0.9500,SELL,2451,0.92,0.9400
2026-01-08T02:15:13.246043Z,price_change,0.9800,SELL,-282,0.92,0.9400
2026-01-08T02:15:13.249095Z,price_change,0.9600,SELL,188,0.92,0.9400
2026-01-08T02:15:13.260188Z,price_change,0.81,BUY,-970,0.92,0.9400
2026-01-08T02:15:13.260188Z,price_change,0.8,BUY,970,0.92,0.9400
2026-01-08T02:15:13.269129Z,price_change,0.9400,SELL,2451,0.92,0.9400
2026-01-08T02:15:13.271889Z,price_change,0.84,BUY,282,0.92,0.9400
2026-01-08T02:15:13.272255Z,price_change,0.84,BUY,188,0.92,0.9400
2026-01-08T02:15:13.287328Z,price_change,0.9700,SELL,282,0.92,0.9400
2026-01-08T02:15:13.289615Z,price_change,0.9400,SELL,1,0.92,0.9400
2026-01-08T02:15:13.310962Z,price_change,0.9400,SELL,2451,0.92,0.9400
2026-01-08T02:15:13.326541Z,price_change,0.91,BUY,-373,0.92,0.9400
2026-01-08T02:15:13.32766Z,price_change,0.9400,SELL,-1127,0.92,0.9400
2026-01-08T02:15:13.333924Z,price_change,0.9600,SELL,-188,0.92,0.9400
2026-01-08T02:15:13.345312Z,price_change,0.9,BUY,373,0.92,0.9400
2026-01-08T02:15:13.346606Z,price_change,0.9300,SELL,1127,0.92,0.9300
2026-01-08T02:15:13.3666Z,price_change,0.91,BUY,-2451,0.92,0.9300
2026-01-08T02:15:13.368369Z,price_change,0.92,BUY,-2451,0.9,0.9300
2026-01-08T02:15:13.369642Z,price_change,0.9400,SELL,188,0.9,0.9300
2026-01-08T02:15:13.382083Z,price_change,0.9,BUY,-373,0.9,0.9300
2026-01-08T02:15:13.391055Z,price_change,0.85,BUY,500,0.9,0.9300
2026-01-08T02:15:13.396921Z,price_change,0.89,BUY,373,0.9,0.9300
2026-01-08T02:15:13.405017Z,price_change,0.83,BUY,-750,0.9,0.9300
2026-01-08T02:15:13.405017Z,price_change,0.81,BUY,750,0.9,0.9300
2026-01-08T02:15:13.408082Z,price_change,0.9,BUY,2451,0.9,0.9300
2026-01-08T02:15:13.408268Z,price_change,0.91,BUY,2451,0.91,0.9300
2026-01-08T02:15:13.409045Z,price_change,0.85,BUY,-500,0.91,0.9300
2026-01-08T02:15:13.409976Z,price_change,0.8,BUY,-970,0.91,0.9300
2026-01-08T02:15:13.409976Z,price_change,0.71,BUY,970,0.91,0.9300
2026-01-08T02:15:13.421668Z,price_change,0.89,BUY,-373,0.91,0.9300
2026-01-08T02:15:13.423419Z,price_change,0.85,BUY,375,0.91,0.9300
2026-01-08T02:15:13.432357Z,price_change,0.9,BUY,373,0.91,0.9300
2026-01-08T02:15:13.435988Z,price_change,0.85,BUY,-375,0.91,0.9300
2026-01-08T02:15:13.435995Z,price_change,0.84,BUY,-282,0.91,0.9300
2026-01-08T02:15:13.441288Z,price_change,0.91,BUY,-2451,0.9,0.9300
2026-01-08T02:15:13.44203Z,price_change,0.84,BUY,-188,0.9,0.9300
2026-01-08T02:15:13.444887Z,price_change,0.81,BUY,-750,0.9,0.9300
2026-01-08T02:15:13.444887Z,price_change,0.82,BUY,750,0.9,0.9300
2026-01-08T02:15:13.450871Z,price_change,0.9,BUY,-373,0.9,0.9300
2026-01-08T02:15:13.457877Z,price_change,0.85,BUY,375,0.9,0.9300
2026-01-08T02:15:13.464295Z,price_change,0.89,BUY,373,0.9,0.9300
2026-01-08T02:15:13.479794Z,price_change,0.85,BUY,-375,0.9,0.9300
2026-01-08T02:15:13.479814Z,price_change,0.91,BUY,2451,0.91,0.9300
2026-01-08T02:15:13.480725Z,price_change,0.84,BUY,282,0.91,0.9300
2026-01-08T02:15:13.481532Z,price_change,0.55,BUY,188,0.91,0.9300
2026-01-08T02:15:13.487217Z,price_change,0.82,BUY,-750,0.91,0.9300
2026-01-08T02:15:13.487217Z,price_change,0.81,BUY,750,0.91,0.9300
2026-01-08T02:15:13.503029Z,price_change,0.89,BUY,-373,0.91,0.9300
2026-01-08T02:15:13.511334Z,price_change,0.71,BUY,-970,0.91,0.9300
2026-01-08T02:15:13.511334Z,price_change,0.78,BUY,970,0.91,0.9300
2026-01-08T02:15:13.512478Z,price_change,0.88,BUY,373,0.91,0.9300
2026-01-08T02:15:13.516418Z,price_change,0.91,BUY,-2451,0.9,0.9300
2026-01-08T02:15:13.521343Z,price_change,0.88,BUY,-373,0.9,0.9300
2026-01-08T02:15:13.528633Z,price_change,0.9500,SELL,-1,0.9,0.9300
2026-01-08T02:15:13.528633Z,price_change,0.9400,SELL,1,0.9,0.9300
2026-01-08T02:15:13.529748Z,price_change,0.81,BUY,-750,0.9,0.9300
2026-01-08T02:15:13.529748Z,price_change,0.82,BUY,750,0.9,0.9300
2026-01-08T02:15:13.533358Z,price_change,0.89,BUY,373,0.9,0.9300
2026-01-08T02:15:13.54133Z,price_change,0.85,BUY,500,0.9,0.9300
2026-01-08T02:15:13.558413Z,price_change,0.85,BUY,-500,0.9,0.9300
2026-01-08T02:15:13.564578Z,price_change,0.82,BUY,-750,0.9,0.9300
2026-01-08T02:15:13.564578Z,price_change,0.81,BUY,750,0.9,0.9300
2026-01-08T02:15:13.585663Z,price_change,0.84,BUY,-282,0.9,0.9300
2026-01-08T02:15:13.625301Z,price_change,0.89,BUY,2451,0.9,0.9300
2026-01-08T02:15:13.628607Z,price_change,0.89,BUY,282,0.9,0.9300
2026-01-08T02:15:13.729837Z,price_change,0.9400,SELL,-1,0.9,0.9300
2026-01-08T02:15:13.729837Z,price_change,0.9300,SELL,1,0.9,0.9300
2026-01-08T02:15:13.775303Z,price_change,0.9700,SELL,-188,0.9,0.9300
2026-01-08T02:15:13.816939Z,price_change,0.9400,SELL,188,0.9,0.9300
2026-01-08T02:15:13.939435Z,price_change,0.9400,SELL,-1,0.9,0.9300
2026-01-08T02:15:13.939435Z,price_change,0.9300,SELL,1,0.9,0.9300
2026-01-08T02:15:13.973736Z,price_change,0.9600,SELL,-2451,0.9,0.9300
2026-01-08T02:15:13.974621Z,price_change,0.9400,SELL,-2451,0.9,0.9300
2026-01-08T02:15:13.975483Z,price_change,0.9500,SELL,-2451,0.9,0.9300
2026-01-08T02:15:13.976774Z,price_change,0.9700,SELL,-282,0.9,0.9300
2026-01-08T02:15:14.011752Z,price_change,0.9300,SELL,2451,0.9,0.9300
2026-01-08T02:15:14.013033Z,price_change,0.9300,SELL,2451,0.9,0.9300
2026-01-08T02:15:14.013137Z,price_change,0.9600,SELL,282,0.9,0.9300
2026-01-08T02:15:14.026566Z,price_change,0.9300,SELL,-1127,0.9,0.9300
2026-01-08T02:15:14.037732Z,price_change,0.9200,SELL,1127,0.9,0.9200
2026-01-08T02:15:14.060849Z,price_change,0.9300,SELL,2451,0.9,0.9200
2026-01-08T02:15:14.107984Z,price_change,0.9400,SELL,-188,0.9,0.9200
2026-01-08T02:15:14.109204Z,price_change,0.9,BUY,188,0.9,0.9200
2026-01-08T02:15:14.110248Z,price_change,0.89,BUY,-282,0.9,0.9200
2026-01-08T02:15:14.144777Z,price_change,0.84,BUY,282,0.9,0.9200
2026-01-08T02:15:14.146125Z,price_change,0.9300,SELL,188,0.9,0.9200
2026-01-08T02:15:14.151198Z,price_change,0.9200,SELL,-1127,0.9,0.9300
1767838514,last_trade_price,0.92,BUY,1127,0.9,0.9300
2026-01-08T02:15:14.161948Z,price_change,0.9200,SELL,1127,0.9,0.9200
2026-01-08T02:15:14.164619Z,price_change,0.89,BUY,-373,0.9,0.9200
2026-01-08T02:15:14.165797Z,price_change,0.9200,SELL,-1127,0.9,0.9300
2026-01-08T02:15:14.179141Z,price_change,0.91,BUY,936,0.91,0.9300
2026-01-08T02:15:14.180418Z,price_change,0.9400,SELL,563,0.91,0.9300
2026-01-08T02:15:14.19562Z,price_change,0.9,BUY,-2451,0.91,0.9300
2026-01-08T02:15:14.197493Z,price_change,0.9,BUY,-188,0.91,0.9300
2026-01-08T02:15:14.224287Z,price_change,0.89,BUY,-2451,0.91,0.9300
2026-01-08T02:15:14.246422Z,price_change,0.81,BUY,-750,0.91,0.9300
2026-01-08T02:15:14.246422Z,price_change,0.82,BUY,750,0.91,0.9300
2026-01-08T02:15:14.265014Z,price_change,0.91,BUY,2451,0.91,0.9300
2026-01-08T02:15:14.265617Z,price_change,0.9,BUY,2451,0.91,0.9300
2026-01-08T02:15:14.266551Z,price_change,0.91,BUY,188,0.91,0.9300
2026-01-08T02:15:14.308812Z,price_change,0.78,BUY,-970,0.91,0.9300
2026-01-08T02:15:14.308812Z,price_change,0.79,BUY,970,0.91,0.9300
2026-01-08T02:15:15.727805Z,price_change,0.83,BUY,-1500,0.91,0.9300
2026-01-08T02:15:15.727805Z,price_change,0.82,BUY,1500,0.91,0.9300
2026-01-08T02:15:15.764001Z,price_change,0.55,BUY,-188,0.91,0.9300
2026-01-08T02:15:15.770971Z,price_change,0.84,BUY,-282,0.91,0.9300
2026-01-08T02:15:15.811767Z,price_change,0.83,BUY,282,0.91,0.9300
2026-01-08T02:15:15.814497Z,price_change,0.83,BUY,188,0.91,0.9300
2026-01-08T02:15:16.426772Z,price_change,0.82,BUY,6099,0.91,0.9300
2026-01-08T02:15:16.686075Z,price_change,0.9600,SELL,150,0.91,0.9300
2026-01-08T02:15:16.688394Z,price_change,0.92,BUY,150,0.92,0.9300
2026-01-08T02:15:16.758612Z,price_change,0.9300,SELL,-1,0.92,0.9300
2026-01-08T02:15:16.758612Z,price_change,0.9400,SELL,1,0.92,0.9300
2026-01-08T02:15:16.875497Z,price_change,0.92,BUY,-150,0.91,0.9300
2026-01-08T02:15:16.875497Z,price_change,0.91,BUY,-11,0.91,0.9300
1767838516,last_trade_price,0.08,SELL,150,0.91,0.9300
1767838516,last_trade_price,0.09,SELL,11,0.91,0.9300
2026-01-08T02:15:17.403202Z,price_change,0.9,BUY,500,0.91,0.9300
2026-01-08T02:15:17.680824Z,price_change,0.9600,SELL,-150,0.91,0.9300
2026-01-08T02:15:17.754583Z,price_change,0.9600,SELL,15,0.91,0.9300
2026-01-08T02:15:17.756321Z,price_change,0.92,BUY,15,0.92,0.9300
2026-01-08T02:15:18.109453Z,price_change,0.76,BUY,691,0.92,0.9300
2026-01-08T02:15:18.109767Z,price_change,0.9500,SELL,691,0.92,0.9300
2026-01-08T02:15:18.77883Z,price_change,0.9,BUY,-2451,0.92,0.9300
2026-01-08T02:15:18.808169Z,price_change,0.92,BUY,2451,0.92,0.9300
2026-01-08T02:15:18.866256Z,price_change,0.82,BUY,-750,0.92,0.9300
2026-01-08T02:15:18.866256Z,price_change,0.83,BUY,750,0.92,0.9300
2026-01-08T02:15:18.906225Z,price_change,0.79,BUY,-970,0.92,0.9300
2026-01-08T02:15:18.906225Z,price_change,0.8,BUY,970,0.92,0.9300
2026-01-08T02:15:18.907639Z,price_change,0.9300,SELL,-188,0.92,0.9300
2026-01-08T02:15:18.909901Z,price_change,0.83,BUY,-282,0.92,0.9300
2026-01-08T02:15:18.948303Z,price_change,0.9400,SELL,188,0.92,0.9300
2026-01-08T02:15:18.948365Z,price_change,0.84,BUY,282,0.92,0.9300
2026-01-08T02:15:18.948673Z,price_change,0.9300,SELL,-2451,0.92,0.9300
2026-01-08T02:15:18.991973Z,price_change,0.92,BUY,6,0.92,0.9300
2026-01-08T02:15:19.269883Z,price_change,0.9600,SELL,-282,0.92,0.9300
2026-01-08T02:15:19.271123Z,price_change,0.91,BUY,-188,0.92,0.9300
2026-01-08T02:15:19.292143Z,price_change,0.9300,SELL,-2451,0.92,0.9300
2026-01-08T02:15:19.330409Z,price_change,0.92,BUY,188,0.92,0.9300
2026-01-08T02:15:19.331532Z,price_change,0.9700,SELL,282,0.92,0.9300
2026-01-08T02:15:19.385361Z,price_change,0.9300,SELL,-2451,0.92,0.9300
2026-01-08T02:15:19.422544Z,price_change,0.9400,SELL,2451,0.92,0.9300
2026-01-08T02:15:19.425012Z,price_change,0.9600,SELL,2451,0.92,0.9300
2026-01-08T02:15:19.426469Z,price_change,0.9500,SELL,2451,0.92,0.9300
2026-01-08T02:15:19.598Z,price_change,0.91,BUY,-925,0.92,0.9300
2026-01-08T02:15:19.599361Z,price_change,0.9400,SELL,-563,0.92,0.9300
2026-01-08T02:15:19.608119Z,price_change,0.92,BUY,931,0.92,0.9300
2026-01-08T02:15:19.615748Z,price_change,0.9500,SELL,569,0.92,0.9300
2026-01-08T02:15:19.658374Z,price_change,0.92,BUY,-2451,0.92,0.9300
2026-01-08T02:15:19.661169Z,price_change,0.92,BUY,-188,0.92,0.9300
2026-01-08T02:15:19.673796Z,price_change,0.9300,SELL,-1,0.92,0.9400
2026-01-08T02:15:19.673796Z,price_change,0.9400,SELL,1,0.92,0.9400
2026-01-08T02:15:19.700947Z,price_change,0.92,BUY,188,0.92,0.9400
2026-01-08T02:15:19.701515Z,price_change,0.92,BUY,2451,0.92,0.9400
2026-01-08T02:15:20.163388Z,price_change,0.92,BUY,2500,0.92,0.9400
2026-01-08T02:15:20.978155Z,price_change,0.91,BUY,2000,0.92,0.9400
2026-01-08T02:15:21.004784Z,price_change,0.76,BUY,-691,0.92,0.9400
2026-01-08T02:15:21.004784Z,price_change,0.9500,SELL,-691,0.92,0.9400
2026-01-08T02:15:21.024535Z,price_change,0.83,BUY,-188,0.92,0.9400
2026-01-08T02:15:21.025614Z,price_change,0.9400,SELL,-188,0.92,0.9400
2026-01-08T02:15:21.06586Z,price_change,0.91,BUY,188,0.92,0.9400
2026-01-08T02:15:21.067899Z,price_change,0.9700,SELL,188,0.92,0.9400
2026-01-08T02:15:21.947494Z,price_change,0.55,BUY,-754,0.92,0.9400
2026-01-08T02:15:21.9552Z,price_change,0.91,BUY,-188,0.92,0.9400
2026-01-08T02:15:21.991852Z,price_change,0.53,BUY,754,0.92,0.9400
2026-01-08T02:15:21.992805Z,price_change,0.92,BUY,188,0.92,0.9400
2026-01-08T02:15:22.113146Z,price_change,0.9400,SELL,-1,0.92,0.9400
1767838522,last_trade_price,0.94,BUY,1,0.92,0.9400
2026-01-08T02:15:22.213547Z,price_change,0.93,BUY,690,0.93,0.9400
2026-01-08T02:15:22.214461Z,price_change,0.9800,SELL,690,0.93,0.9400
2026-01-08T02:15:22.267509Z,price_change,0.83,BUY,-750,0.93,0.9400
2026-01-08T02:15:22.267509Z,price_change,0.84,BUY,750,0.93,0.9400
2026-01-08T02:15:22.303095Z,price_change,0.84,BUY,-282,0.93,0.9400
2026-01-08T02:15:22.306596Z,price_change,0.8,BUY,-970,0.93,0.9400
2026-01-08T02:15:22.306596Z,price_change,0.81,BUY,970,0.93,0.9400
2026-01-08T02:15:22.344548Z,price_change,0.85,BUY,282,0.93,0.9400
2026-01-08T02:15:22.366763Z,price_change,0.92,BUY,-15,0.93,0.9400
2026-01-08T02:15:22.40169Z,price_change,0.9400,SELL,150,0.93,0.9400
2026-01-08T02:15:22.405099Z,price_change,0.9,BUY,150,0.93,0.9400
2026-01-08T02:15:22.424875Z,price_change,0.9600,SELL,-15,0.93,0.9400
2026-01-08T02:15:22.433856Z,price_change,0.9400,SELL,-1,0.93,0.9400
2026-01-08T02:15:22.433856Z,price_change,0.9500,SELL,1,0.93,0.9400
2026-01-08T02:15:25.304829Z,price_change,0.85,BUY,-282,0.93,0.9400
2026-01-08T02:15:25.305882Z,price_change,0.9400,SELL,-188,0.93,0.9400
2026-01-08T02:15:25.307648Z,price_change,0.91,BUY,-2451,0.93,0.9400
2026-01-08T02:15:25.357887Z,price_change,0.93,BUY,2451,0.93,0.9400
2026-01-08T02:15:25.358744Z,price_change,0.9500,SELL,188,0.93,0.9400
2026-01-08T02:15:25.36001Z,price_change,0.9,BUY,282,0.93,0.9400
2026-01-08T02:15:25.646672Z,price_change,0.82,BUY,-62,0.93,0.9400
2026-01-08T02:15:25.654597Z,price_change,0.9700,SELL,200,0.93,0.9400
2026-01-08T02:15:25.672753Z,price_change,0.92,BUY,200,0.93,0.9400
2026-01-08T02:15:25.682086Z,price_change,0.9500,SELL,-188,0.93,0.9400
2026-01-08T02:15:25.68518Z,price_change,0.9,BUY,-282,0.93,0.9400
2026-01-08T02:15:25.696531Z,price_change,0.9700,SELL,300,0.93,0.9400
2026-01-08T02:15:25.696657Z,price_change,0.91,BUY,125,0.93,0.9400
2026-01-08T02:15:25.698932Z,price_change,0.82,BUY,-6099,0.93,0.9400
2026-01-08T02:15:25.716078Z,price_change,0.9400,SELL,188,0.93,0.9400
2026-01-08T02:15:25.716461Z,price_change,0.85,BUY,282,0.93,0.9400
2026-01-08T02:15:25.768995Z,price_change,0.36,BUY,-350,0.93,0.9400
2026-01-08T02:15:25.772032Z,price_change,0.42,BUY,361,0.93,0.9400
2026-01-08T02:15:25.814254Z,price_change,0.41,BUY,-4715,0.93,0.9400
2026-01-08T02:15:25.853031Z,price_change,0.43,BUY,4715,0.93,0.9400
2026-01-08T02:15:25.89976Z,price_change,0.9400,SELL,-188,0.93,0.9400
2026-01-08T02:15:25.900224Z,price_change,0.85,BUY,-282,0.93,0.9400
2026-01-08T02:15:25.947094Z,price_change,0.9,BUY,282,0.93,0.9400
2026-01-08T02:15:25.947721Z,price_change,0.9500,SELL,188,0.93,0.9400
2026-01-08T02:15:26.77588Z,price_change,0.93,BUY,-2451,0.93,0.9400
2026-01-08T02:15:26.77796Z,price_change,0.9,BUY,-282,0.93,0.9400
2026-01-08T02:15:26.778118Z,price_change,0.9500,SELL,-188,0.93,0.9400
2026-01-08T02:15:26.812979Z,price_change,0.9400,SELL,188,0.93,0.9400
2026-01-08T02:15:26.814406Z,price_change,0.85,BUY,282,0.93,0.9400
2026-01-08T02:15:26.81517Z,price_change,0.91,BUY,2451,0.93,0.9400
2026-01-08T02:15:27.296889Z,price_change,0.9400,SELL,-16,0.93,0.9400
1767838527,last_trade_price,0.94,BUY,16,0.93,0.9400
2026-01-08T02:15:27.555931Z,price_change,0.91,BUY,-2451,0.93,0.9400
2026-01-08T02:15:27.600393Z,price_change,0.93,BUY,2451,0.93,0.9400
2026-01-08T02:15:27.812485Z,price_change,0.91,BUY,200,0.93,0.9400
2026-01-08T02:15:28.14887Z,price_change,0.9400,SELL,-11803,0.93,0.9400
2026-01-08T02:15:28.844378Z,price_change,0.91,BUY,-2000,0.93,0.9400
2026-01-08T02:15:28.845249Z,price_change,0.93,BUY,-690,0.93,0.9400
2026-01-08T02:15:28.846067Z,price_change,0.9800,SELL,-690,0.93,0.9400
2026-01-08T02:15:28.885274Z,price_change,0.85,BUY,-282,0.93,0.9400
2026-01-08T02:15:28.888459Z,price_change,0.9400,SELL,-188,0.93,0.9400
2026-01-08T02:15:28.924805Z,price_change,0.9,BUY,282,0.93,0.9400
2026-01-08T02:15:28.925118Z,price_change,0.9500,SELL,188,0.93,0.9400
2026-01-08T02:15:30.188368Z,price_change,0.93,BUY,-6,0.93,0.9400
1767838530,last_trade_price,0.07,SELL,6,0.93,0.9400
2026-01-08T02:15:30.230271Z,price_change,0.9400,SELL,-2451,0.93,0.9400
2026-01-08T02:15:30.346454Z,price_change,0.92,BUY,2000,0.93,0.9400
2026-01-08T02:15:31.547837Z,price_change,0.9800,SELL,690,0.93,0.9400
2026-01-08T02:15:31.79233Z,price_change,0.92,BUY,690,0.93,0.9400
2026-01-08T02:15:32.63009Z,price_change,0.9400,SELL,23640,0.93,0.9400
2026-01-08T02:15:32.671605Z,price_change,0.9400,SELL,-11820,0.93,0.9400
2026-01-08T02:15:34.008414Z,price_change,0.9500,SELL,691,0.93,0.9400
2026-01-08T02:15:34.008682Z,price_change,0.76,BUY,691,0.93,0.9400
2026-01-08T02:15:34.050903Z,price_change,0.9400,SELL,2451,0.93,0.9400
2026-01-08T02:15:34.251799Z,price_change,0.9700,SELL,-300,0.93,0.9400
2026-01-08T02:15:34.252653Z,price_change,0.91,BUY,-125,0.93,0.9400
2026-01-08T02:15:34.31561Z,price_change,0.92,BUY,-200,0.93,0.9400
2026-01-08T02:15:34.337624Z,price_change,0.9700,SELL,-200,0.93,0.9400
2026-01-08T02:15:34.35697Z,price_change,0.9600,SELL,452,0.93,0.9400
2026-01-08T02:15:34.358041Z,price_change,0.92,BUY,452,0.93,0.9400
2026-01-08T02:15:34.363485Z,price_change,0.9500,SELL,-188,0.93,0.9400
2026-01-08T02:15:34.363885Z,price_change,0.9,BUY,-282,0.93,0.9400
2026-01-08T02:15:34.381851Z,price_change,0.93,BUY,-2445,0.92,0.9400
2026-01-08T02:15:34.413206Z,price_change,0.52,BUY,-348,0.92,0.9400
2026-01-08T02:15:34.41583Z,price_change,0.44,BUY,325,0.92,0.9400
2026-01-08T02:15:34.425409Z,price_change,0.84,BUY,-750,0.92,0.9400
2026-01-08T02:15:34.425409Z,price_change,0.83,BUY,750,0.92,0.9400
2026-01-08T02:15:34.42661Z,price_change,0.9400,SELL,188,0.92,0.9400
2026-01-08T02:15:34.426907Z,price_change,0.85,BUY,282,0.92,0.9400
2026-01-08T02:15:34.428638Z,price_change,0.91,BUY,2449,0.92,0.9400
2026-01-08T02:15:34.458232Z,price_change,0.81,BUY,-970,0.92,0.9400
2026-01-08T02:15:34.458232Z,price_change,0.8,BUY,970,0.92,0.9400
2026-01-08T02:15:34.464571Z,price_change,0.85,BUY,-282,0.92,0.9400
2026-01-08T02:15:34.466332Z,price_change,0.43,BUY,-4715,0.92,0.9400
2026-01-08T02:15:34.466481Z,price_change,0.53,BUY,-754,0.92,0.9400
2026-01-08T02:15:34.511664Z,price_change,0.45,BUY,4711,0.92,0.9400
2026-01-08T02:15:34.511664Z,price_change,0.84,BUY,282,0.92,0.9400
2026-01-08T02:15:34.516675Z,price_change,0.51,BUY,753,0.92,0.9400
2026-01-08T02:15:34.612272Z,price_change,0.92,BUY,-452,0.92,0.9400
2026-01-08T02:15:34.771181Z,price_change,0.9400,SELL,-182,0.92,0.9400
1767838534,last_trade_price,0.94,BUY,182,0.92,0.9400
2026-01-08T02:15:36.00153Z,price_change,0.9500,SELL,-691,0.92,0.9400
2026-01-08T02:15:36.00153Z,price_change,0.76,BUY,-691,0.92,0.9400
2026-01-08T02:15:36.923739Z,price_change,0.92,BUY,-2000,0.92,0.9400
2026-01-08T02:15:36.924956Z,price_change,0.92,BUY,-690,0.92,0.9400
2026-01-08T02:15:36.925909Z,price_change,0.9800,SELL,-690,0.92,0.9400
2026-01-08T02:15:37.331567Z,price_change,0.9400,SELL,-10,0.92,0.9400
1767838537,last_trade_price,0.94,BUY,10,0.92,0.9400
2026-01-08T02:15:37.693303Z,price_change,0.92,BUY,-6,0.92,0.9400
2026-01-08T02:15:37.693303Z,price_change,0.92,BUY,-11,0.92,0.9400
1767838537,last_trade_price,0.08,SELL,6,0.92,0.9400
1767838537,last_trade_price,0.08,SELL,11,0.92,0.9400
2026-01-08T02:15:37.858409Z,price_change,0.9400,SELL,-7308,0.92,0.9400
2026-01-08T02:15:37.879315Z,price_change,0.92,BUY,-2500,0.92,0.9400
2026-01-08T02:15:37.913165Z,price_change,0.92,BUY,-188,0.92,0.9400
2026-01-08T02:15:37.951896Z,price_change,0.31,BUY,188,0.92,0.9400
2026-01-08T02:15:38.251994Z,price_change,0.9400,SELL,11820,0.92,0.9400
2026-01-08T02:15:38.301196Z,price_change,0.9700,SELL,300,0.92,0.9400
2026-01-08T02:15:38.301552Z,price_change,0.91,BUY,125,0.92,0.9400
2026-01-08T02:15:38.500275Z,price_change,0.92,BUY,100,0.92,0.9400
2026-01-08T02:15:38.609783Z,price_change,0.92,BUY,200,0.92,0.9400
2026-01-08T02:15:38.61127Z,price_change,0.9700,SELL,200,0.92,0.9400
2026-01-08T02:15:38.799518Z,price_change,0.88,BUY,2000,0.92,0.9400
2026-01-08T02:15:38.839727Z,price_change,0.31,BUY,-188,0.92,0.9400
2026-01-08T02:15:38.847898Z,price_change,0.84,BUY,-282,0.92,0.9400
2026-01-08T02:15:38.876538Z,price_change,0.89,BUY,188,0.92,0.9400
2026-01-08T02:15:38.880346Z,price_change,0.89,BUY,282,0.92,0.9400
2026-01-08T02:15:39.866268Z,price_change,0.9,BUY,690,0.92,0.9400
2026-01-08T02:15:39.867661Z,price_change,0.9800,SELL,690,0.92,0.9400
2026-01-08T02:15:40.036568Z,price_change,0.9400,SELL,7500,0.92,0.9400
2026-01-08T02:15:40.067654Z,price_change,0.92,BUY,2500,0.92,0.9400
2026-01-08T02:15:40.578691Z,price_change,0.89,BUY,-188,0.92,0.9400
2026-01-08T02:15:40.61871Z,price_change,0.92,BUY,188,0.92,0.9400
2026-01-08T02:15:42.369213Z,price_change,0.9500,SELL,518,0.92,0.9400
2026-01-08T02:15:42.407691Z,price_change,0.91,BUY,518,0.92,0.9400
2026-01-08T02:15:42.803078Z,price_change,0.9400,SELL,-50,0.92,0.9400
1767838542,last_trade_price,0.94,BUY,50,0.92,0.9400
2026-01-08T02:15:42.814871Z,price_change,0.9600,SELL,-452,0.92,0.9400
2026-01-08T02:15:43.878657Z,price_change,0.9400,SELL,-1251,0.92,0.9400
1767838543,last_trade_price,0.94,BUY,1251,0.92,0.9400
2026-01-08T02:15:44.096479Z,price_change,0.9400,SELL,-4,0.92,0.9400
1767838544,last_trade_price,0.94,BUY,4,0.92,0.9400
2026-01-08T02:15:46.075394Z,price_change,0.9500,SELL,-1,0.92,0.9400
2026-01-08T02:15:46.075394Z,price_change,0.9400,SELL,1,0.92,0.9400
2026-01-08T02:15:46.227561Z,price_change,0.92,BUY,-17,0.92,0.9400
1767838546,last_trade_price,0.08,SELL,17,0.92,0.9400
2026-01-08T02:15:46.269498Z,price_change,0.9400,SELL,-188,0.92,0.9400
2026-01-08T02:15:46.32058Z,price_change,0.91,BUY,-2449,0.92,0.9400
2026-01-08T02:15:46.357891Z,price_change,0.93,BUY,2449,0.93,0.9400
2026-01-08T02:15:46.426606Z,price_change,0.83,BUY,-750,0.93,0.9400
2026-01-08T02:15:46.426606Z,price_change,0.84,BUY,750,0.93,0.9400
2026-01-08T02:15:46.525214Z,price_change,0.9400,SELL,-1,0.93,0.9400
2026-01-08T02:15:46.525214Z,price_change,0.9500,SELL,1,0.93,0.9400
2026-01-08T02:15:46.556726Z,price_change,0.8,BUY,-970,0.93,0.9400
2026-01-08T02:15:46.556726Z,price_change,0.81,BUY,970,0.93,0.9400
2026-01-08T02:15:46.561164Z,price_change,0.93,BUY,-2449,0.92,0.9400
2026-01-08T02:15:46.60695Z,price_change,0.81,BUY,-970,0.92,0.9400
2026-01-08T02:15:46.60695Z,price_change,0.8,BUY,970,0.92,0.9400
2026-01-08T02:15:46.607208Z,price_change,0.91,BUY,2449,0.92,0.9400
2026-01-08T02:15:46.607297Z,price_change,0.84,BUY,-750,0.92,0.9400
2026-01-08T02:15:46.607297Z,price_change,0.83,BUY,750,0.92,0.9400
2026-01-08T02:15:47.038267Z,price_change,0.9400,SELL,-150,0.92,0.9400
2026-01-08T02:15:47.079768Z,price_change,0.9400,SELL,150,0.92,0.9400
2026-01-08T02:15:47.891997Z,price_change,0.92,BUY,-903,0.92,0.9400
2026-01-08T02:15:47.891997Z,price_change,0.92,BUY,-97,0.92,0.9400
1767838547,last_trade_price,0.08,SELL,903,0.92,0.9400
2026-01-08T02:15:47.891997Z,price_change,0.92,BUY,-91,0.92,0.9400
1767838547,last_trade_price,0.08,SELL,97,0.92,0.9400
2026-01-08T02:15:47.907378Z,price_change,0.9500,SELL,-569,0.92,0.9400
2026-01-08T02:15:47.908983Z,price_change,0.91,BUY,465,0.92,0.9400
2026-01-08T02:15:47.92181Z,price_change,0.9400,SELL,1034,0.92,0.9400
2026-01-08T02:15:48.47024Z,price_change,0.93,BUY,23894,0.93,0.9400
2026-01-08T02:15:48.499088Z,price_change,0.42,BUY,-361,0.93,0.9400
2026-01-08T02:15:48.501724Z,price_change,0.46,BUY,319,0.93,0.9400
2026-01-08T02:15:48.506814Z,price_change,0.9400,SELL,-11820,0.93,0.9400
2026-01-08T02:15:48.508349Z,price_change,0.9400,SELL,-11820,0.93,0.9400
2026-01-08T02:15:48.535798Z,price_change,0.9400,SELL,-88,0.93,0.9400
1767838548,last_trade_price,0.94,BUY,88,0.93,0.9400
2026-01-08T02:15:48.536287Z,price_change,0.93,BUY,-11947,0.93,0.9400
2026-01-08T02:15:48.555953Z,price_change,0.45,BUY,-4711,0.93,0.9400
2026-01-08T02:15:48.591815Z,price_change,0.47,BUY,4711,0.93,0.9400
2026-01-08T02:15:48.623724Z,price_change,0.91,BUY,-2449,0.93,0.9400
2026-01-08T02:15:48.651952Z,price_change,0.93,BUY,2449,0.93,0.9400
2026-01-08T02:15:48.65775Z,price_change,0.8,BUY,-970,0.93,0.9400
2026-01-08T02:15:48.65775Z,price_change,0.81,BUY,970,0.93,0.9400
2026-01-08T02:15:48.671333Z,price_change,0.9400,SELL,-1,0.93,0.9400
2026-01-08T02:15:48.686879Z,price_change,0.82,BUY,62,0.93,0.9400
2026-01-08T02:15:48.725081Z,price_change,0.83,BUY,-750,0.93,0.9400
2026-01-08T02:15:48.725081Z,price_change,0.84,BUY,750,0.93,0.9400
2026-01-08T02:15:48.759249Z,price_change,0.82,BUY,6099,0.93,0.9400
2026-01-08T02:15:48.7837Z,price_change,0.9500,SELL,-518,0.93,0.9400
2026-01-08T02:15:48.807754Z,price_change,0.9700,SELL,-200,0.93,0.9400
2026-01-08T02:15:48.809465Z,price_change,0.92,BUY,-200,0.93,0.9400
2026-01-08T02:15:48.891426Z,price_change,0.91,BUY,-125,0.93,0.9400
2026-01-08T02:15:48.892379Z,price_change,0.9700,SELL,-300,0.93,0.9400
2026-01-08T02:15:48.936045Z,price_change,0.89,BUY,-282,0.93,0.9400
2026-01-08T02:15:49.013213Z,price_change,0.9,BUY,282,0.93,0.9400
2026-01-08T02:15:49.162398Z,price_change,0.82,BUY,-1500,0.93,0.9400
2026-01-08T02:15:49.162398Z,price_change,0.83,BUY,1500,0.93,0.9400
2026-01-08T02:15:49.195555Z,price_change,0.9400,SELL,-2451,0.93,0.9400
2026-01-08T02:15:49.307616Z,price_change,0.9500,SELL,691,0.93,0.9400
2026-01-08T02:15:49.333348Z,price_change,0.76,BUY,691,0.93,0.9400
2026-01-08T02:15:49.929018Z,price_change,0.9700,SELL,-282,0.93,0.9400
2026-01-08T02:15:49.930475Z,price_change,0.9400,SELL,-2451,0.93,0.9400
2026-01-08T02:15:49.999468Z,price_change,0.9800,SELL,282,0.93,0.9400
2026-01-08T02:15:50.019961Z,price_change,0.9500,SELL,1,0.93,0.9400
2026-01-08T02:15:50.395332Z,price_change,0.9600,SELL,514,0.93,0.9400
2026-01-08T02:15:50.396498Z,price_change,0.92,BUY,514,0.93,0.9400
2026-01-08T02:15:50.439908Z,price_change,0.9500,SELL,188,0.93,0.9400
2026-01-08T02:15:50.774493Z,price_change,0.91,BUY,-518,0.93,0.9400
2026-01-08T02:15:51.904626Z,price_change,0.9800,SELL,5000,0.93,0.9400
2026-01-08T02:15:51.906574Z,price_change,0.83,BUY,-1500,0.93,0.9400
2026-01-08T02:15:51.906574Z,price_change,0.93,BUY,5000,0.93,0.9400
2026-01-08T02:15:51.951522Z,price_change,0.93,BUY,188,0.93,0.9400
2026-01-08T02:15:51.951703Z,price_change,0.9400,SELL,-1058,0.93,0.9400
2026-01-08T02:15:51.989805Z,price_change,0.9500,SELL,2449,0.93,0.9400
2026-01-08T02:15:51.990147Z,price_change,0.9700,SELL,2449,0.93,0.9400
2026-01-08T02:15:52.000012Z,price_change,0.76,BUY,-691,0.93,0.9400
2026-01-08T02:15:52.000012Z,price_change,0.9500,SELL,-691,0.93,0.9400
2026-01-08T02:15:52.046859Z,price_change,0.9600,SELL,2449,0.93,0.9400
2026-01-08T02:15:52.491126Z,price_change,0.82,BUY,-6099,0.93,0.9400
2026-01-08T02:15:52.625064Z,price_change,0.88,BUY,-2000,0.93,0.9400
2026-01-08T02:15:52.626408Z,price_change,0.9,BUY,-690,0.93,0.9400
2026-01-08T02:15:52.627767Z,price_change,0.9800,SELL,-690,0.93,0.9400
2026-01-08T02:15:54.590469Z,price_change,0.89,BUY,2000,0.93,0.9400
2026-01-08T02:15:55.512917Z,price_change,0.9,BUY,-150,0.93,0.9400
2026-01-08T02:15:55.512917Z,price_change,0.9400,SELL,-150,0.93,0.9400
2026-01-08T02:15:55.643027Z,price_change,0.89,BUY,-2000,0.93,0.9400
2026-01-08T02:15:56.632509Z,price_change,0.92,BUY,200,0.93,0.9400
2026-01-08T02:15:56.639225Z,price_change,0.9600,SELL,200,0.93,0.9400
2026-01-08T02:15:56.711334Z,price_change,0.89,BUY,2000,0.93,0.9400
2026-01-08T02:15:56.837455Z,price_change,0.93,BUY,-20,0.93,0.9400
1767838556,last_trade_price,0.07,SELL,20,0.93,0.9400
2026-01-08T02:15:56.936453Z,price_change,0.91,BUY,125,0.93,0.9400
2026-01-08T02:15:56.958462Z,price_change,0.9600,SELL,300,0.93,0.9400
2026-01-08T02:15:57.780836Z,price_change,0.9600,SELL,150,0.93,0.9400
2026-01-08T02:15:57.783344Z,price_change,0.92,BUY,150,0.93,0.9400
2026-01-08T02:15:58.036613Z,price_change,0.91,BUY,690,0.93,0.9400
2026-01-08T02:15:58.037962Z,price_change,0.9900,SELL,690,0.93,0.9400
2026-01-08T02:15:58.591904Z,price_change,0.92,BUY,-150,0.93,0.9400
2026-01-08T02:15:58.593128Z,price_change,0.9600,SELL,-150,0.93,0.9400
2026-01-08T02:15:58.836957Z,price_change,0.82,BUY,-62,0.93,0.9400
2026-01-08T02:15:59.16199Z,price_change,0.44,BUY,-325,0.93,0.9400
2026-01-08T02:15:59.165726Z,price_change,0.35,BUY,382,0.93,0.9400
2026-01-08T02:15:59.299197Z,price_change,0.9800,SELL,-282,0.93,0.9400
2026-01-08T02:15:59.300057Z,price_change,0.9900,SELL,-5658,0.93,0.9400
2026-01-08T02:15:59.301176Z,price_change,0.9500,SELL,-2451,0.93,0.9400
2026-01-08T02:15:59.301449Z,price_change,0.9,BUY,-282,0.93,0.9400
2026-01-08T02:15:59.301888Z,price_change,0.9500,SELL,-2451,0.93,0.9400
2026-01-08T02:15:59.301928Z,price_change,0.92,BUY,-188,0.93,0.9400
2026-01-08T02:15:59.302557Z,price_change,0.47,BUY,-4711,0.93,0.9400
2026-01-08T02:15:59.303337Z,price_change,0.9500,SELL,-188,0.93,0.9400
2026-01-08T02:15:59.303507Z,price_change,0.9500,SELL,-2449,0.93,0.9400
2026-01-08T02:15:59.347454Z,price_change,0.9900,SELL,282,0.93,0.9400
2026-01-08T02:15:59.349068Z,price_change,0.9600,SELL,188,0.93,0.9400
2026-01-08T02:15:59.349149Z,price_change,0.5,BUY,4712,0.93,0.9400
2026-01-08T02:15:59.349637Z,price_change,0.9600,SELL,2450,0.93,0.9400
2026-01-08T02:15:59.35006Z,price_change,0.93,BUY,188,0.93,0.9400
2026-01-08T02:15:59.350101Z,price_change,0.91,BUY,282,0.93,0.9400
2026-01-08T02:15:59.375651Z,price_change,0.9800,SELL,2450,0.93,0.9400
2026-01-08T02:15:59.37678Z,price_change,0.9700,SELL,2450,0.93,0.9400
2026-01-08T02:16:00.223237Z,price_change,0.9800,SELL,-2450,0.93,0.9400
2026-01-08T02:16:00.225087Z,price_change,0.9700,SELL,-2450,0.93,0.9400
2026-01-08T02:16:00.226249Z,price_change,0.9600,SELL,-2450,0.93,0.9400
2026-01-08T02:16:00.227551Z,price_change,0.9900,SELL,-282,0.93,0.9400
2026-01-08T02:16:00.264388Z,price_change,0.5,BUY,-4712,0.93,0.9400
2026-01-08T02:16:00.271719Z,price_change,0.9800,SELL,282,0.93,0.9400
2026-01-08T02:16:00.275698Z,price_change,0.9500,SELL,2450,0.93,0.9400
2026-01-08T02:16:00.277648Z,price_change,0.9500,SELL,2450,0.93,0.9400
2026-01-08T02:16:00.296795Z,price_change,0.9600,SELL,-200,0.93,0.9400
2026-01-08T02:16:00.304226Z,price_change,0.47,BUY,4712,0.93,0.9400
2026-01-08T02:16:00.319491Z,price_change,0.92,BUY,-200,0.93,0.9400
2026-01-08T02:16:00.324457Z,price_change,0.9800,SELL,200,0.93,0.9400
2026-01-08T02:16:00.412641Z,price_change,0.93,BUY,200,0.93,0.9400
2026-01-08T02:16:00.506981Z,price_change,0.91,BUY,-125,0.93,0.9400
2026-01-08T02:16:00.507828Z,price_change,0.9600,SELL,-300,0.93,0.9400
2026-01-08T02:16:00.562122Z,price_change,0.92,BUY,125,0.93,0.9400
2026-01-08T02:16:00.563401Z,price_change,0.9800,SELL,300,0.93,0.9400
2026-01-08T02:16:00.597658Z,price_change,0.9500,SELL,2450,0.93,0.9400
2026-01-08T02:16:01.078629Z,price_change,0.9600,SELL,-188,0.93,0.9400
2026-01-08T02:16:01.080762Z,price_change,0.91,BUY,-282,0.93,0.9400
2026-01-08T02:16:01.113524Z,price_change,0.9,BUY,282,0.93,0.9400
2026-01-08T02:16:01.116932Z,price_change,0.9500,SELL,188,0.93,0.9400
2026-01-08T02:16:03.00056Z,price_change,0.9400,SELL,-104,0.93,0.9400
1767838563,last_trade_price,0.94,BUY,104,0.93,0.9400
2026-01-08T02:16:03.261141Z,price_change,0.76,BUY,691,0.93,0.9400
2026-01-08T02:16:03.266474Z,price_change,0.9500,SELL,691,0.93,0.9400
2026-01-08T02:16:04.718373Z,price_change,0.9400,SELL,-264,0.93,0.9400
1767838564,last_trade_price,0.94,BUY,264,0.93,0.9400
2026-01-08T02:16:05.322471Z,price_change,0.9400,SELL,-7132,0.93,0.9400
2026-01-08T02:16:05.334139Z,price_change,0.92,BUY,-2500,0.93,0.9400
2026-01-08T02:16:05.829904Z,price_change,0.9400,SELL,-1000,0.93,0.9400
1767838565,last_trade_price,0.94,BUY,1000,0.93,0.9400
2026-01-08T02:16:05.84022Z,price_change,0.9400,SELL,-34,0.93,0.9500
2026-01-08T02:16:05.841568Z,price_change,0.91,BUY,-465,0.93,0.9500
2026-01-08T02:16:05.860073Z,price_change,0.9600,SELL,534,0.93,0.9500
2026-01-08T02:16:05.862677Z,price_change,0.93,BUY,965,0.93,0.9500
2026-01-08T02:16:05.86504Z,price_change,0.9700,SELL,-167,0.93,0.9500
2026-01-08T02:16:06.000098Z,price_change,0.9500,SELL,-691,0.93,0.9500
2026-01-08T02:16:06.000098Z,price_change,0.76,BUY,-691,0.93,0.9500
2026-01-08T02:16:06.05137Z,price_change,0.92,BUY,-2451,0.93,0.9500
2026-01-08T02:16:06.079859Z,price_change,0.94,BUY,2450,0.94,0.9500
2026-01-08T02:16:06.115298Z,price_change,0.93,BUY,-965,0.94,0.9500
2026-01-08T02:16:06.116613Z,price_change,0.9600,SELL,-534,0.94,0.9500
2026-01-08T02:16:06.125059Z,price_change,0.84,BUY,-750,0.94,0.9500
2026-01-08T02:16:06.125059Z,price_change,0.85,BUY,750,0.94,0.9500
2026-01-08T02:16:06.131618Z,price_change,0.94,BUY,965,0.94,0.9500
2026-01-08T02:16:06.135861Z,price_change,0.9700,SELL,534,0.94,0.9500
2026-01-08T02:16:06.207151Z,price_change,0.81,BUY,-970,0.94,0.9500
2026-01-08T02:16:06.207151Z,price_change,0.82,BUY,970,0.94,0.9500
2026-01-08T02:16:06.244612Z,price_change,0.9,BUY,-282,0.94,0.9500
2026-01-08T02:16:06.245194Z,price_change,0.9500,SELL,-188,0.94,0.9500
2026-01-08T02:16:06.301795Z,price_change,0.9600,SELL,188,0.94,0.9500
2026-01-08T02:16:06.301881Z,price_change,0.91,BUY,282,0.94,0.9500
2026-01-08T02:16:06.313956Z,price_change,0.9500,SELL,-1,0.94,0.9500
2026-01-08T02:16:06.313956Z,price_change,0.9600,SELL,1,0.94,0.9500
2026-01-08T02:16:06.398856Z,price_change,0.94,BUY,23640,0.94,0.9500
2026-01-08T02:16:06.441725Z,price_change,0.9500,SELL,-2450,0.94,0.9500
2026-01-08T02:16:06.452206Z,price_change,0.94,BUY,-11820,0.94,0.9500
2026-01-08T02:16:06.482876Z,price_change,0.47,BUY,-4712,0.94,0.9500
2026-01-08T02:16:06.490927Z,price_change,0.9500,SELL,-2450,0.94,0.9500
2026-01-08T02:16:06.494953Z,price_change,0.93,BUY,-188,0.94,0.9500
2026-01-08T02:16:06.527457Z,price_change,0.9800,SELL,-282,0.94,0.9500
2026-01-08T02:16:06.52805Z,price_change,0.5,BUY,4712,0.94,0.9500
2026-01-08T02:16:06.571385Z,price_change,0.9900,SELL,282,0.94,0.9500
2026-01-08T02:16:06.572221Z,price_change,0.93,BUY,432,0.94,0.9500
2026-01-08T02:16:06.574817Z,price_change,0.94,BUY,188,0.94,0.9500
2026-01-08T02:16:06.587077Z,price_change,0.9500,SELL,-1,0.94,0.9500
2026-01-08T02:16:06.587077Z,price_change,0.9500,SELL,-2450,0.94,0.9600
2026-01-08T02:16:06.587077Z,price_change,0.95,BUY,20940,0.95,0.9600
1767838566,last_trade_price,0.95,BUY,1,0.95,0.9600
1767838566,last_trade_price,0.95,BUY,2450,0.95,0.9600
2026-01-08T02:16:06.604381Z,price_change,0.94,BUY,-965,0.95,0.9600
2026-01-08T02:16:06.605607Z,price_change,0.9700,SELL,-534,0.95,0.9600
2026-01-08T02:16:06.609268Z,price_change,0.9800,SELL,-386,0.95,0.9600
2026-01-08T02:16:06.614265Z,price_change,0.95,BUY,965,0.95,0.9600
2026-01-08T02:16:06.616681Z,price_change,0.9800,SELL,534,0.95,0.9600
2026-01-08T02:16:06.619994Z,price_change,0.89,BUY,-2000,0.95,0.9600
2026-01-08T02:16:06.621968Z,price_change,0.91,BUY,-690,0.95,0.9600
2026-01-08T02:16:06.623618Z,price_change,0.9900,SELL,-690,0.95,0.9600
2026-01-08T02:16:06.654073Z,price_change,0.95,BUY,-9245,0.95,0.9600
2026-01-08T02:16:06.708726Z,price_change,0.85,BUY,-750,0.95,0.9600
2026-01-08T02:16:06.708726Z,price_change,0.86,BUY,750,0.95,0.9600
2026-01-08T02:16:06.743942Z,price_change,0.9700,SELL,2450,0.95,0.9600
2026-01-08T02:16:06.744421Z,price_change,0.9800,SELL,2450,0.95,0.9600
2026-01-08T02:16:06.745463Z,price_change,0.9600,SELL,2450,0.95,0.9600
2026-01-08T02:16:06.747616Z,price_change,0.9700,SELL,432,0.95,0.9600
2026-01-08T02:16:06.815556Z,price_change,0.9,BUY,69000,0.95,0.9600
2026-01-08T02:16:06.863597Z,price_change,0.9600,SELL,-1,0.95,0.9600
2026-01-08T02:16:06.863597Z,price_change,0.9700,SELL,1,0.95,0.9600
2026-01-08T02:16:06.906407Z,price_change,0.9600,SELL,-514,0.95,0.9600
2026-01-08T02:16:06.906783Z,price_change,0.92,BUY,-514,0.95,0.9600
2026-01-08T02:16:07.057512Z,price_change,0.82,BUY,-970,0.95,0.9600
2026-01-08T02:16:07.057512Z,price_change,0.83,BUY,970,0.95,0.9600
2026-01-08T02:16:07.076921Z,price_change,0.95,BUY,2500,0.95,0.9600
2026-01-08T02:16:07.15515Z,price_change,0.9600,SELL,-2450,0.95,0.9600
2026-01-08T02:16:07.15515Z,price_change,0.9700,SELL,-188,0.95,0.9600
2026-01-08T02:16:07.155345Z,price_change,0.94,BUY,-188,0.95,0.9600
2026-01-08T02:16:07.155616Z,price_change,0.9900,SELL,-282,0.95,0.9600
2026-01-08T02:16:07.156398Z,price_change,0.93,BUY,-2449,0.95,0.9600
2026-01-08T02:16:07.156965Z,price_change,0.5,BUY,-4712,0.95,0.9600
2026-01-08T02:16:07.157473Z,price_change,0.93,BUY,-188,0.95,0.9600
2026-01-08T02:16:07.157833Z,price_change,0.9600,SELL,-188,0.95,0.9600
2026-01-08T02:16:07.157869Z,price_change,0.9800,SELL,-2450,0.95,0.9600
2026-01-08T02:16:07.158015Z,price_change,0.9700,SELL,-2450,0.95,0.9600
2026-01-08T02:16:07.158667Z,price_change,0.9700,SELL,-2449,0.95,0.9600
2026-01-08T02:16:07.178067Z,price_change,0.51,BUY,-753,0.95,0.9600
2026-01-08T02:16:07.182488Z,price_change,0.91,BUY,-282,0.95,0.9600
2026-01-08T02:16:07.189374Z,price_change,0.94,BUY,-2450,0.95,0.9600
2026-01-08T02:16:07.196964Z,price_change,0.9600,SELL,-2449,0.95,0.9600
2026-01-08T02:16:07.201059Z,price_change,0.9600,SELL,-2451,0.95,0.9700
2026-01-08T02:16:07.232519Z,price_change,0.9900,SELL,-162,0.95,0.9700
2026-01-08T02:16:07.514266Z,price_change,0.41,BUY,188,0.95,0.9700
2026-01-08T02:16:07.515811Z,price_change,0.52,BUY,2450,0.95,0.9700
2026-01-08T02:16:07.537654Z,price_change,0.51,BUY,2450,0.95,0.9700
2026-01-08T02:16:07.648202Z,price_change,0.9700,SELL,1,0.95,0.9700
2026-01-08T02:16:07.783344Z,price_change,0.82,BUY,62,0.95,0.9700
2026-01-08T02:16:07.952879Z,price_change,0.9800,SELL,-5000,0.95,0.9700
2026-01-08T02:16:08.201766Z,price_change,0.93,BUY,-5000,0.95,0.9700
2026-01-08T02:16:08.201766Z,price_change,0.95,BUY,5000,0.95,0.9700
2026-01-08T02:16:08.436711Z,price_change,0.93,BUY,-200,0.95,0.9700
2026-01-08T02:16:08.463887Z,price_change,0.9800,SELL,-200,0.95,0.9700
2026-01-08T02:16:08.472938Z,price_change,0.93,BUY,-432,0.95,0.9700
2026-01-08T02:16:08.559525Z,price_change,0.41,BUY,-188,0.95,0.9700
2026-01-08T02:16:08.582479Z,price_change,0.47,BUY,188,0.95,0.9700
2026-01-08T02:16:08.583689Z,price_change,0.92,BUY,-125,0.95,0.9700
2026-01-08T02:16:08.58511Z,price_change,0.9800,SELL,-300,0.95,0.9700
2026-01-08T02:16:08.629745Z,price_change,0.94,BUY,282,0.95,0.9700
2026-01-08T02:16:08.63047Z,price_change,0.51,BUY,-2450,0.95,0.9700
2026-01-08T02:16:08.630528Z,price_change,0.47,BUY,-188,0.95,0.9700
2026-01-08T02:16:08.631129Z,price_change,0.9800,SELL,2448,0.95,0.9700
2026-01-08T02:16:08.631141Z,price_change,0.9900,SELL,2448,0.95,0.9700
2026-01-08T02:16:08.632578Z,price_change,0.9900,SELL,188,0.95,0.9700
2026-01-08T02:16:08.632581Z,price_change,0.51,BUY,4709,0.95,0.9700
2026-01-08T02:16:08.633076Z,price_change,0.96,BUY,188,0.96,0.9700
2026-01-08T02:16:08.633103Z,price_change,0.96,BUY,-188,0.95,0.9700
2026-01-08T02:16:08.633466Z,price_change,0.9800,SELL,2448,0.95,0.9700
2026-01-08T02:16:08.633497Z,price_change,0.51,BUY,753,0.95,0.9700
2026-01-08T02:16:08.633573Z,price_change,0.9900,SELL,2448,0.95,0.9700
2026-01-08T02:16:08.634385Z,price_change,0.9900,SELL,188,0.95,0.9700
2026-01-08T02:16:08.64781Z,price_change,0.52,BUY,-2450,0.95,0.9700
2026-01-08T02:16:08.688117Z,price_change,0.96,BUY,2448,0.96,0.9700
2026-01-08T02:16:08.688264Z,price_change,0.96,BUY,188,0.96,0.9700
2026-01-08T02:16:08.690259Z,price_change,0.95,BUY,2448,0.96,0.9700
2026-01-08T02:16:08.705029Z,price_change,0.95,BUY,-965,0.96,0.9700
2026-01-08T02:16:08.706142Z,price_change,0.9800,SELL,-534,0.96,0.9700
2026-01-08T02:16:08.713757Z,price_change,0.9700,SELL,-3,0.96,0.9700
1767838568,last_trade_price,0.97,BUY,3,0.96,0.9700
2026-01-08T02:16:08.718403Z,price_change,0.96,BUY,965,0.96,0.9700
2026-01-08T02:16:08.720202Z,price_change,0.9900,SELL,534,0.96,0.9700
2026-01-08T02:16:08.725311Z,price_change,0.9800,SELL,2448,0.96,0.9700
2026-01-08T02:16:08.726574Z,price_change,0.86,BUY,-750,0.96,0.9700
2026-01-08T02:16:08.726574Z,price_change,0.87,BUY,750,0.96,0.9700
2026-01-08T02:16:08.775511Z,price_change,0.95,BUY,-2448,0.96,0.9700
2026-01-08T02:16:08.807022Z,price_change,0.83,BUY,-970,0.96,0.9700
2026-01-08T02:16:08.807022Z,price_change,0.84,BUY,970,0.96,0.9700
2026-01-08T02:16:08.816734Z,price_change,0.9700,SELL,-497,0.96,0.9700
2026-01-08T02:16:08.816734Z,price_change,0.9700,SELL,-432,0.96,0.9700
2026-01-08T02:16:08.816734Z,price_change,0.9700,SELL,-1,0.96,0.9700
2026-01-08T02:16:08.816734Z,price_change,0.9700,SELL,-1,0.96,0.9800
2026-01-08T02:16:08.816734Z,price_change,0.97,BUY,1517,0.97,0.9800
1767838568,last_trade_price,0.97,BUY,497,0.97,0.9800
1767838568,last_trade_price,0.97,BUY,432,0.97,0.9800
1767838568,last_trade_price,0.97,BUY,1,0.97,0.9800
1767838568,last_trade_price,0.97,BUY,1,0.97,0.9800
2026-01-08T02:16:08.832863Z,price_change,0.96,BUY,-965,0.97,0.9800
2026-01-08T02:16:08.833866Z,price_change,0.9900,SELL,-534,0.97,0.9800
2026-01-08T02:16:08.840874Z,price_change,0.97,BUY,965,0.97,0.9800
2026-01-08T02:16:08.843497Z,price_change,0.87,BUY,-750,0.97,0.9800
2026-01-08T02:16:08.843497Z,price_change,0.88,BUY,750,0.97,0.9800
2026-01-08T02:16:08.867267Z,price_change,0.97,BUY,-1517,0.97,0.9800
2026-01-08T02:16:08.902593Z,price_change,0.97,BUY,2448,0.97,0.9800
2026-01-08T02:16:08.907043Z,price_change,0.84,BUY,-970,0.97,0.9800
2026-01-08T02:16:08.907043Z,price_change,0.85,BUY,970,0.97,0.9800
2026-01-08T02:16:08.97049Z,price_change,0.94,BUY,-282,0.97,0.9800
2026-01-08T02:16:08.973278Z,price_change,0.9900,SELL,-188,0.97,0.9800
2026-01-08T02:16:09.002161Z,price_change,0.9,BUY,-69000,0.97,0.9800
2026-01-08T02:16:09.006791Z,price_change,0.9800,SELL,188,0.97,0.9800
2026-01-08T02:16:09.008106Z,price_change,0.93,BUY,282,0.97,0.9800
2026-01-08T02:16:09.106743Z,price_change,0.9800,SELL,1,0.97,0.9800
2026-01-08T02:16:09.485944Z,price_change,0.9800,SELL,-1,0.97,0.9800
2026-01-08T02:16:09.520969Z,price_change,0.97,BUY,-2448,0.97,0.9800
2026-01-08T02:16:09.562802Z,price_change,0.95,BUY,2448,0.97,0.9800
2026-01-08T02:16:11.0196Z,price_change,0.97,BUY,-688,0.97,0.9800
1767838571,last_trade_price,0.03,SELL,688,0.97,0.9800
2026-01-08T02:16:11.029945Z,price_change,0.97,BUY,-277,0.96,0.9800
2026-01-08T02:16:11.033153Z,price_change,0.9900,SELL,878,0.96,0.9800
2026-01-08T02:16:11.045111Z,price_change,0.9900,SELL,-878,0.96,0.9800
2026-01-08T02:16:11.04782Z,price_change,0.95,BUY,621,0.96,0.9800
2026-01-08T02:16:11.04897Z,price_change,0.95,BUY,-2500,0.96,0.9800
2026-01-08T02:16:11.057953Z,price_change,0.46,BUY,-319,0.96,0.9800
2026-01-08T02:16:11.059626Z,price_change,0.85,BUY,-970,0.96,0.9800
2026-01-08T02:16:11.059626Z,price_change,0.84,BUY,970,0.96,0.9800
2026-01-08T02:16:11.060279Z,price_change,0.96,BUY,290,0.96,0.9800
2026-01-08T02:16:11.062115Z,price_change,0.9800,SELL,878,0.96,0.9800
2026-01-08T02:16:11.086897Z,price_change,0.88,BUY,-750,0.96,0.9800
2026-01-08T02:16:11.086897Z,price_change,0.87,BUY,750,0.96,0.9800
2026-01-08T02:16:11.0951Z,price_change,0.97,BUY,2500,0.97,0.9800
2026-01-08T02:16:11.110822Z,price_change,0.95,BUY,-621,0.97,0.9800
2026-01-08T02:16:11.113889Z,price_change,0.9800,SELL,-878,0.97,0.9800
2026-01-08T02:16:11.126308Z,price_change,0.96,BUY,621,0.97,0.9800
2026-01-08T02:16:11.128949Z,price_change,0.9900,SELL,878,0.97,0.9800
2026-01-08T02:16:11.144549Z,price_change,0.87,BUY,-750,0.97,0.9800
2026-01-08T02:16:11.144549Z,price_change,0.88,BUY,750,0.97,0.9800
2026-01-08T02:16:11.156345Z,price_change,0.84,BUY,-970,0.97,0.9800
2026-01-08T02:16:11.156345Z,price_change,0.85,BUY,970,0.97,0.9800
2026-01-08T02:16:11.338915Z,price_change,0.97,BUY,-25,0.97,0.9800
1767838571,last_trade_price,0.03,SELL,25,0.97,0.9800
2026-01-08T02:16:11.414189Z,price_change,0.97,BUY,-2475,0.96,0.9800
2026-01-08T02:16:11.427373Z,price_change,0.96,BUY,-621,0.96,0.9800
2026-01-08T02:16:11.430181Z,price_change,0.9900,SELL,-878,0.96,0.9800
2026-01-08T02:16:11.433371Z,price_change,0.96,BUY,2500,0.96,0.9800
2026-01-08T02:16:11.441821Z,price_change,0.95,BUY,621,0.96,0.9800
2026-01-08T02:16:11.444554Z,price_change,0.9800,SELL,878,0.96,0.9800
2026-01-08T02:16:11.452915Z,price_change,0.88,BUY,-750,0.96,0.9800
2026-01-08T02:16:11.452915Z,price_change,0.87,BUY,750,0.96,0.9800
2026-01-08T02:16:11.459437Z,price_change,0.85,BUY,-970,0.96,0.9800
2026-01-08T02:16:11.459437Z,price_change,0.84,BUY,970,0.96,0.9800
2026-01-08T02:16:12.164122Z,price_change,0.95,BUY,200,0.96,0.9800
2026-01-08T02:16:12.414065Z,price_change,0.9800,SELL,1,0.96,0.9800
2026-01-08T02:16:12.570157Z,price_change,0.94,BUY,125,0.96,0.9800
2026-01-08T02:16:12.591231Z,price_change,0.9900,SELL,1,0.96,0.9800
2026-01-08T02:16:12.611884Z,price_change,0.95,BUY,188,0.96,0.9800
2026-01-08T02:16:12.943601Z,price_change,0.96,BUY,-42,0.96,0.9800
1767838572,last_trade_price,0.04,SELL,42,0.96,0.9800
2026-01-08T02:16:13.143366Z,price_change,0.93,BUY,690,0.96,0.9800
2026-01-08T02:16:13.614782Z,price_change,0.9700,SELL,11454,0.96,0.9700
2026-01-08T02:16:13.681097Z,price_change,0.9800,SELL,-1,0.96,0.9700
2026-01-08T02:16:14.086678Z,price_change,0.9900,SELL,-1,0.96,0.9700
2026-01-08T02:16:14.086678Z,price_change,0.9800,SELL,1,0.96,0.9700
2026-01-08T02:16:14.560822Z,price_change,0.96,BUY,-188,0.96,0.9700
2026-01-08T02:16:14.680355Z,price_change,0.9700,SELL,1,0.96,0.9700
2026-01-08T02:16:14.858059Z,price_change,0.9800,SELL,415,0.96,0.9700
2026-01-08T02:16:15.05814Z,price_change,0.96,BUY,-388,0.96,0.9700
1767838575,last_trade_price,0.04,SELL,388,0.96,0.9700
2026-01-08T02:16:15.663571Z,price_change,0.96,BUY,-86,0.96,0.9700
1767838575,last_trade_price,0.04,SELL,86,0.96,0.9700
2026-01-08T02:16:16.660561Z,price_change,0.9700,SELL,150,0.96,0.9700
2026-01-08T02:16:16.664054Z,price_change,0.93,BUY,150,0.96,0.9700
2026-01-08T02:16:17.399583Z,price_change,0.93,BUY,-282,0.96,0.9700
2026-01-08T02:16:17.400988Z,price_change,0.9900,SELL,-2448,0.96,0.9700
2026-01-08T02:16:17.401013Z,price_change,0.9900,SELL,-2448,0.96,0.9700
2026-01-08T02:16:17.401093Z,price_change,0.51,BUY,-4709,0.96,0.9700
2026-01-08T02:16:17.401413Z,price_change,0.9800,SELL,-2448,0.96,0.9700
2026-01-08T02:16:17.401413Z,price_change,0.9800,SELL,-2448,0.96,0.9700
2026-01-08T02:16:17.402181Z,price_change,0.9900,SELL,-188,0.96,0.9700
2026-01-08T02:16:17.402285Z,price_change,0.9800,SELL,-188,0.96,0.9700
2026-01-08T02:16:17.402563Z,price_change,0.9700,SELL,7500,0.96,0.9700
2026-01-08T02:16:17.403103Z,price_change,0.9800,SELL,-2448,0.96,0.9700
2026-01-08T02:16:17.40343Z,price_change,0.96,BUY,-1932,0.96,0.9700
2026-01-08T02:16:17.404243Z,price_change,0.95,BUY,-2448,0.96,0.9700
2026-01-08T02:16:17.426895Z,price_change,0.95,BUY,-188,0.96,0.9700
2026-01-08T02:16:17.427434Z,price_change,0.51,BUY,-753,0.96,0.9700
2026-01-08T02:16:17.48356Z,price_change,0.51,BUY,2448,0.96,0.9700
2026-01-08T02:16:17.485714Z,price_change,0.52,BUY,2448,0.96,0.9700
2026-01-08T02:16:17.633117Z,price_change,0.9700,SELL,-2,0.96,0.9700
1767838577,last_trade_price,0.97,BUY,2,0.96,0.9700
2026-01-08T02:16:17.842134Z,price_change,0.82,BUY,-62,0.96,0.9700
2026-01-08T02:16:18.259517Z,price_change,0.76,BUY,691,0.96,0.9700
2026-01-08T02:16:18.262471Z,price_change,0.9800,SELL,691,0.96,0.9700
2026-01-08T02:16:18.391449Z,price_change,0.96,BUY,-50,0.96,0.9700
1767838578,last_trade_price,0.04,SELL,50,0.96,0.9700
2026-01-08T02:16:19.803148Z,price_change,0.96,BUY,-240,0.96,0.9700
2026-01-08T02:16:19.803148Z,price_change,0.96,BUY,-1692,0.96,0.9700
1767838579,last_trade_price,0.04,SELL,240,0.96,0.9700
1767838579,last_trade_price,0.04,SELL,1692,0.96,0.9700
2026-01-08T02:16:19.836043Z,price_change,0.96,BUY,-808,0.95,0.9700
2026-01-08T02:16:19.840937Z,price_change,0.41,BUY,188,0.95,0.9700
2026-01-08T02:16:19.845148Z,price_change,0.95,BUY,-621,0.95,0.9700
2026-01-08T02:16:19.847799Z,price_change,0.9800,SELL,-878,0.95,0.9700
2026-01-08T02:16:19.852833Z,price_change,0.35,BUY,-382,0.95,0.9700
2026-01-08T02:16:19.853346Z,price_change,0.93,BUY,-11927,0.95,0.9700
2026-01-08T02:16:19.855392Z,price_change,0.95,BUY,2500,0.95,0.9700
2026-01-08T02:16:19.855477Z,price_change,0.94,BUY,621,0.95,0.9700
2026-01-08T02:16:19.858446Z,price_change,0.9700,SELL,878,0.95,0.9700
2026-01-08T02:16:19.865416Z,price_change,0.87,BUY,-750,0.95,0.9700
2026-01-08T02:16:19.865416Z,price_change,0.86,BUY,750,0.95,0.9700
2026-01-08T02:16:20.05893Z,price_change,0.84,BUY,-970,0.95,0.9700
