timestamp,event_type,price,side,size,best_bid,best_ask
,book,0.5600,BUY,122739,0.5600,0.57
,book,0.57,SELL,17974,0.5600,0.57
2026-01-03T20:41:20.133511Z,price_change,0.6,SELL,-18488,0.56,0.57
2026-01-03T20:41:20.134839Z,price_change,0.6,SELL,-14096,0.56,0.57
2026-01-03T20:41:20.136017Z,price_change,0.6,SELL,-56844,0.56,0.57
2026-01-03T20:41:20.137121Z,price_change,0.56,BUY,-18064,0.56,0.57
2026-01-03T20:41:20.138186Z,price_change,0.56,BUY,-17102,0.56,0.57
2026-01-03T20:41:20.139085Z,price_change,0.56,BUY,-2005,0.56,0.57
2026-01-03T20:41:20.140003Z,price_change,0.5800000000000001,SELL,22327,0.56,0.57
2026-01-03T20:41:20.141162Z,price_change,0.55,BUY,1181,0.56,0.57
2026-01-03T20:41:20.142179Z,price_change,0.54,BUY,41840,0.56,0.57
2026-01-03T20:41:20.171531Z,price_change,0.56,BUY,-5000,0.56,0.57
2026-01-03T20:41:20.17435Z,price_change,0.5800000000000001,SELL,25743,0.56,0.57
2026-01-03T20:41:20.231613Z,price_change,0.6,SELL,-61899,0.56,0.57
2026-01-03T20:41:20.233005Z,price_change,0.6,SELL,-20130,0.56,0.57
2026-01-03T20:41:20.234047Z,price_change,0.6,SELL,-3887,0.56,0.57
2026-01-03T20:41:20.235652Z,price_change,0.6,SELL,-10532,0.56,0.57
2026-01-03T20:41:20.236736Z,price_change,0.6,SELL,-1229,0.56,0.57
2026-01-03T20:41:20.316166Z,price_change,0.5900000000000001,SELL,-5000,0.56,0.57
2026-01-03T20:41:20.316166Z,price_change,0.5800000000000001,SELL,5000,0.56,0.57
2026-01-03T20:41:20.348431Z,price_change,0.56,BUY,-200,0.56,0.57
2026-01-03T20:41:20.374834Z,price_change,0.55,BUY,200,0.56,0.57
2026-01-03T20:41:20.376379Z,price_change,0.49,BUY,5,0.56,0.57
2026-01-03T20:41:20.376703Z,price_change,0.56,BUY,-5,0.56,0.57
2026-01-03T20:41:20.40976Z,price_change,0.5900000000000001,SELL,-200,0.56,0.57
2026-01-03T20:41:20.410781Z,price_change,0.5800000000000001,SELL,588,0.56,0.57
2026-01-03T20:41:20.417996Z,price_change,0.5900000000000001,SELL,-75,0.56,0.57
2026-01-03T20:41:20.439425Z,price_change,0.5800000000000001,SELL,200,0.56,0.57
2026-01-03T20:41:20.476609Z,price_change,0.49,BUY,-5,0.56,0.57
2026-01-03T20:41:20.481925Z,price_change,0.5,BUY,5,0.56,0.57
2026-01-03T20:41:20.536931Z,price_change,0.55,BUY,5000,0.56,0.57
2026-01-03T20:41:20.631654Z,price_change,0.5,BUY,-5,0.56,0.57
2026-01-03T20:41:20.636275Z,price_change,0.51,BUY,5,0.56,0.57
2026-01-03T20:41:20.860639Z,price_change,0.56,BUY,-40,0.56,0.57
2026-01-03T20:41:20.9527Z,price_change,0.55,BUY,-75,0.56,0.57
2026-01-03T20:41:20.958621Z,price_change,0.52,BUY,5,0.56,0.57
2026-01-03T20:41:20.960306Z,price_change,0.51,BUY,-5,0.56,0.57
2026-01-03T20:41:21.138555Z,price_change,0.54,BUY,-100,0.56,0.57
2026-01-03T20:41:21.238547Z,price_change,0.53,BUY,5,0.56,0.57
2026-01-03T20:41:21.269472Z,price_change,0.5900000000000001,SELL,2000,0.56,0.57
2026-01-03T20:41:21.272007Z,price_change,0.55,BUY,-2000,0.56,0.57
2026-01-03T20:41:21.391534Z,price_change,0.52,BUY,-5,0.56,0.57
2026-01-03T20:41:30.325278Z,price_change,0.6,SELL,-2000,0.56,0.57
2026-01-03T20:41:30.326328Z,price_change,0.5900000000000001,SELL,-2000,0.56,0.57
2026-01-03T20:41:30.641199Z,price_change,0.6,SELL,1000,0.56,0.57
2026-01-03T20:41:30.642904Z,price_change,0.5900000000000001,SELL,1000,0.56,0.57
2026-01-03T20:41:30.679892Z,price_change,0.5800000000000001,SELL,75,0.56,0.57
2026-01-03T20:41:32.592693Z,price_change,0.56,BUY,-4128,0.56,0.57
2026-01-03T20:41:32.606802Z,price_change,0.55,BUY,-1181,0.56,0.57
2026-01-03T20:41:32.608069Z,price_change,0.55,BUY,-2873,0.56,0.57
2026-01-03T20:41:33.172866Z,price_change,0.6,SELL,1000,0.56,0.57
2026-01-03T20:41:33.174394Z,price_change,0.5900000000000001,SELL,1000,0.56,0.57
2026-01-03T20:41:33.49464Z,price_change,0.5700000000000001,SELL,-84,0.56,0.57
2026-01-03T20:41:41.001877Z,price_change,0.55,BUY,75,0.56,0.57
2026-01-03T20:41:46.502557Z,price_change,0.5700000000000001,SELL,-119,0.56,0.57
2026-01-03T20:41:51.018355Z,price_change,0.54,BUY,100,0.56,0.57
2026-01-03T20:41:51.186444Z,price_change,0.5900000000000001,SELL,100,0.56,0.57
2026-01-03T20:41:57.677528Z,price_change,0.5800000000000001,SELL,4878,0.56,0.57
2026-01-03T20:41:59.569142Z,price_change,0.5900000000000001,SELL,-4876,0.56,0.57
2026-01-03T20:41:59.610547Z,price_change,0.5900000000000001,SELL,-19,0.56,0.57
2026-01-03T20:41:59.612575Z,price_change,0.5900000000000001,SELL,-7,0.56,0.57
2026-01-03T20:42:02.163104Z,price_change,0.56,BUY,95,0.56,0.57
2026-01-03T20:42:23.33296Z,price_change,0.5800000000000001,SELL,220,0.56,0.57
2026-01-03T20:42:25.307147Z,price_change,0.5800000000000001,SELL,54,0.56,0.57
2026-01-03T20:42:28.339783Z,price_change,0.5800000000000001,SELL,294,0.56,0.57
2026-01-03T20:42:28.781692Z,price_change,0.5900000000000001,SELL,-1960,0.56,0.57
2026-01-03T20:42:29.315914Z,price_change,0.5800000000000001,SELL,196,0.56,0.57
2026-01-03T20:42:30.753196Z,price_change,0.5800000000000001,SELL,49,0.56,0.57
2026-01-03T20:42:30.84725Z,price_change,0.5800000000000001,SELL,294,0.56,0.57
2026-01-03T20:42:31.259518Z,price_change,0.5800000000000001,SELL,196,0.56,0.57
2026-01-03T20:42:32.220959Z,price_change,0.5800000000000001,SELL,539,0.56,0.57
2026-01-03T20:42:36.749131Z,price_change,0.5800000000000001,SELL,1965,0.56,0.57
2026-01-03T20:42:37.653415Z,price_change,0.5900000000000001,SELL,-53,0.56,0.57
2026-01-03T20:42:46.576677Z,price_change,0.5800000000000001,SELL,-10,0.56,0.57
2026-01-03T20:42:47.020533Z,price_change,0.5800000000000001,SELL,10,0.56,0.57
2026-01-03T20:42:54.046932Z,price_change,0.5700000000000001,SELL,-11,0.56,0.57
2026-01-03T20:43:18.000992Z,price_change,0.53,BUY,-500,0.56,0.57
2026-01-03T20:43:27.762395Z,price_change,0.5700000000000001,SELL,-593,0.56,0.57
2026-01-03T20:43:28.114Z,price_change,0.5700000000000001,SELL,-4,0.56,0.57
2026-01-03T20:43:43.20199Z,price_change,0.61,SELL,11,0.56,0.57
2026-01-03T20:43:53.672047Z,price_change,0.5900000000000001,SELL,-4728,0.56,0.57
2026-01-03T20:43:53.673173Z,price_change,0.5800000000000001,SELL,8043,0.56,0.57
2026-01-03T20:44:12.701465Z,price_change,0.5700000000000001,SELL,-2193,0.56,0.57
,book,0.5600,BUY,76290,0.5600,0.57
,book,0.57,SELL,14970,0.5600,0.57
2026-01-03T20:44:19.169695Z,price_change,0.5700000000000001,SELL,-1000,0.56,0.57
2026-01-03T20:44:36.636369Z,price_change,0.56,BUY,-1,0.56,0.57
2026-01-03T20:44:36.636369Z,price_change,0.56,BUY,-55,0.56,0.57
2026-01-03T20:44:37.001141Z,price_change,0.53,BUY,-500,0.56,0.57
2026-01-03T20:44:45.194843Z,price_change,0.55,BUY,-5,0.56,0.57
2026-01-03T20:44:52.762255Z,price_change,0.5800000000000001,SELL,-217,0.56,0.57
2026-01-03T20:45:02.760012Z,price_change,0.53,BUY,500,0.56,0.57
2026-01-03T20:45:07.763314Z,price_change,0.5700000000000001,SELL,-15,0.56,0.57
2026-01-03T20:45:08.432077Z,price_change,0.5800000000000001,SELL,-31,0.56,0.57
,book,0.5600,BUY,76139,0.5600,0.57
,book,0.57,SELL,13672,0.5600,0.57
2026-01-03T20:48:28.777706Z,price_change,0.56,BUY,-1000,0.56,0.57
2026-01-03T20:48:28.779149Z,price_change,0.5900000000000001,SELL,-1000,0.56,0.57
2026-01-03T20:48:28.815385Z,price_change,0.56,BUY,448,0.56,0.57
2026-01-03T20:48:28.816735Z,price_change,0.55,BUY,1000,0.56,0.57
2026-01-03T20:48:28.818293Z,price_change,0.5800000000000001,SELL,1,0.56,0.57
2026-01-03T20:48:28.819699Z,price_change,0.5700000000000001,SELL,551,0.56,0.57
2026-01-03T20:48:46.813558Z,price_change,0.5800000000000001,SELL,-25,0.56,0.57
2026-01-03T20:48:49.715191Z,price_change,0.5900000000000001,SELL,-7703,0.56,0.57
2026-01-03T20:48:49.749775Z,price_change,0.6,SELL,7895,0.56,0.57
2026-01-03T20:48:49.972104Z,price_change,0.5800000000000001,SELL,-9822,0.56,0.57
2026-01-03T20:48:50.52491Z,price_change,0.5800000000000001,SELL,9834,0.56,0.57
2026-01-03T20:48:50.670933Z,price_change,0.55,BUY,-200,0.56,0.57
2026-01-03T20:48:50.702501Z,price_change,0.56,BUY,200,0.56,0.57
2026-01-03T20:48:51.035259Z,price_change,0.55,BUY,12495,0.56,0.57
2026-01-03T20:48:51.476964Z,price_change,0.55,BUY,10,0.56,0.57
2026-01-03T20:48:59.000442Z,price_change,0.55,BUY,-10,0.56,0.57
2026-01-03T20:48:59.000442Z,price_change,0.53,BUY,-500,0.56,0.57
2026-01-03T20:49:20.185258Z,price_change,0.5700000000000001,SELL,-34,0.56,0.57
2026-01-03T20:49:21.381977Z,price_change,0.5900000000000001,SELL,-90,0.56,0.57
2026-01-03T20:50:02.000531Z,price_change,0.53,BUY,-500,0.56,0.57
2026-01-03T20:50:11.435513Z,price_change,0.5700000000000001,SELL,-17,0.56,0.57
2026-01-03T20:50:14.526854Z,price_change,0.5700000000000001,SELL,-2,0.56,0.57
2026-01-03T20:50:22.054725Z,price_change,0.5800000000000001,SELL,-35,0.56,0.57
2026-01-03T20:50:25.581914Z,price_change,0.55,BUY,10,0.56,0.57
2026-01-03T20:50:26.138781Z,price_change,0.53,BUY,500,0.56,0.57
2026-01-03T20:50:31.351046Z,price_change,0.54,BUY,8317,0.56,0.57
2026-01-03T20:50:33.000133Z,price_change,0.55,BUY,-10,0.56,0.57
2026-01-03T20:50:42.872948Z,price_change,0.5700000000000001,SELL,-5,0.56,0.57
2026-01-03T20:50:43.580672Z,price_change,0.5700000000000001,SELL,-440,0.56,0.57
2026-01-03T20:50:47.165159Z,price_change,0.55,BUY,5,0.56,0.57
2026-01-03T20:50:48.854324Z,price_change,0.5700000000000001,SELL,-5,0.56,0.57
2026-01-03T20:51:14.02703Z,price_change,0.5700000000000001,SELL,-17,0.56,0.57
2026-01-03T20:51:20.203112Z,price_change,0.5700000000000001,SELL,-8,0.56,0.57
2026-01-03T20:51:25.468709Z,price_change,0.5700000000000001,SELL,-15,0.56,0.57
2026-01-03T20:51:43.089822Z,price_change,0.53,BUY,500,0.56,0.57
2026-01-03T20:51:43.990528Z,price_change,0.5700000000000001,SELL,-150,0.56,0.57
2026-01-03T20:51:50.712264Z,price_change,0.55,BUY,-5,0.56,0.57
2026-01-03T20:52:03.467358Z,price_change,0.5800000000000001,SELL,10362,0.56,0.57
2026-01-03T20:52:03.856668Z,price_change,0.5800000000000001,SELL,9800,0.56,0.57
2026-01-03T20:52:15.227788Z,price_change,0.5800000000000001,SELL,-34,0.56,0.57
2026-01-03T20:52:24.170548Z,price_change,0.5900000000000001,SELL,1862,0.56,0.57
2026-01-03T20:52:26.029763Z,price_change,0.5700000000000001,SELL,-1,0.56,0.57
2026-01-03T20:52:28.863718Z,price_change,0.5700000000000001,SELL,-25,0.56,0.57
2026-01-03T20:52:29.734743Z,price_change,0.5700000000000001,SELL,-23,0.56,0.57
2026-01-03T20:52:34.62391Z,price_change,0.5700000000000001,SELL,-61,0.56,0.57
2026-01-03T20:52:36.081507Z,price_change,0.54,BUY,-1164,0.56,0.57
2026-01-03T20:52:37.013267Z,price_change,0.54,BUY,1237,0.56,0.57
2026-01-03T20:52:37.773937Z,price_change,0.54,BUY,-1237,0.56,0.57
2026-01-03T20:52:46.298522Z,price_change,0.54,BUY,1237,0.56,0.57
2026-01-03T20:52:53.06344Z,price_change,0.54,BUY,-1237,0.56,0.57
2026-01-03T20:52:58.136359Z,price_change,0.54,BUY,1237,0.56,0.57
2026-01-03T20:52:59.15374Z,price_change,0.54,BUY,-1237,0.56,0.57
2026-01-03T20:52:59.291076Z,price_change,0.5800000000000001,SELL,-10,0.56,0.57
2026-01-03T20:52:59.702623Z,price_change,0.5800000000000001,SELL,10,0.56,0.57
2026-01-03T20:53:06.364463Z,price_change,0.54,BUY,1237,0.56,0.57
2026-01-03T20:53:10.748128Z,price_change,0.5700000000000001,SELL,-4,0.56,0.57
2026-01-03T20:53:17.955264Z,price_change,0.5700000000000001,SELL,-17,0.56,0.57
,book,0.7100,BUY,47897,0.7100,0.72
,book,0.72,SELL,4133,0.7100,0.72
2026-01-03T23:16:03.095025Z,price_change,0.72,SELL,-2,0.71,0.72
2026-01-03T23:16:05.830957Z,price_change,0.72,SELL,-272,0.71,0.72
2026-01-03T23:16:06.361801Z,price_change,0.74,SELL,-1189,0.71,0.72
2026-01-03T23:16:06.689961Z,price_change,0.74,SELL,1189,0.71,0.72
2026-01-03T23:16:07.920312Z,price_change,0.71,BUY,2,0.71,0.72
2026-01-03T23:16:12.776436Z,price_change,0.73,SELL,-1,0.71,0.72
2026-01-03T23:16:12.776436Z,price_change,0.74,SELL,1,0.71,0.72
2026-01-03T23:16:13.098702Z,price_change,0.74,SELL,-1,0.71,0.72
2026-01-03T23:16:13.098702Z,price_change,0.73,SELL,1,0.71,0.72
2026-01-03T23:16:16.39238Z,price_change,0.73,SELL,-1,0.71,0.72
2026-01-03T23:16:16.39238Z,price_change,0.74,SELL,1,0.71,0.72
2026-01-03T23:16:18.854005Z,price_change,0.68,BUY,150,0.71,0.72
2026-01-03T23:16:18.875982Z,price_change,0.72,SELL,150,0.71,0.72
2026-01-03T23:16:20.731406Z,price_change,0.72,SELL,-15,0.71,0.72
2026-01-03T23:16:20.771945Z,price_change,0.71,BUY,-100,0.71,0.72
2026-01-03T23:16:20.771945Z,price_change,0.7,BUY,100,0.71,0.72
2026-01-03T23:16:20.791733Z,price_change,0.75,SELL,-100,0.71,0.72
2026-01-03T23:16:20.791733Z,price_change,0.74,SELL,100,0.71,0.72
2026-01-03T23:16:22.250062Z,price_change,0.72,SELL,-13,0.71,0.72
2026-01-03T23:16:22.440392Z,price_change,0.72,SELL,-44,0.71,0.72
2026-01-03T23:16:23.503994Z,price_change,0.74,SELL,-100,0.71,0.72
2026-01-03T23:16:23.503994Z,price_change,0.75,SELL,100,0.71,0.72
2026-01-03T23:16:27.110356Z,price_change,0.74,SELL,-1,0.71,0.72
2026-01-03T23:16:27.110356Z,price_change,0.73,SELL,1,0.71,0.72
2026-01-03T23:16:29.000666Z,price_change,0.74,SELL,-1189,0.71,0.72
2026-01-03T23:16:29.039594Z,price_change,0.7,BUY,-100,0.71,0.72
2026-01-03T23:16:29.039594Z,price_change,0.71,BUY,100,0.71,0.72
2026-01-03T23:16:30.639321Z,price_change,0.74,SELL,1189,0.71,0.72
2026-01-03T23:16:30.861958Z,price_change,0.73,SELL,-1,0.71,0.72
2026-01-03T23:16:30.861958Z,price_change,0.74,SELL,1,0.71,0.72
2026-01-03T23:16:30.984425Z,price_change,0.74,SELL,-1189,0.71,0.72
2026-01-03T23:16:31.20036Z,price_change,0.73,SELL,5,0.71,0.72
2026-01-03T23:16:32.187888Z,price_change,0.72,SELL,-45,0.71,0.72
2026-01-03T23:16:38.407866Z,price_change,0.72,SELL,-25,0.71,0.72
2026-01-03T23:16:39.378581Z,price_change,0.74,SELL,-1,0.71,0.72
2026-01-03T23:16:39.378581Z,price_change,0.73,SELL,1,0.71,0.72
2026-01-03T23:16:40.319815Z,price_change,0.74,SELL,1189,0.71,0.72
2026-01-03T23:16:40.870186Z,price_change,0.73,SELL,-5,0.71,0.72
2026-01-03T23:16:41.072122Z,price_change,0.72,SELL,-4,0.71,0.72
2026-01-03T23:16:41.102864Z,price_change,0.71,BUY,-100,0.71,0.72
2026-01-03T23:16:41.102864Z,price_change,0.7,BUY,100,0.71,0.72
2026-01-03T23:16:42.951054Z,price_change,0.69,BUY,150,0.71,0.72
2026-01-03T23:16:43.046113Z,price_change,0.68,BUY,-150,0.71,0.72
2026-01-03T23:16:45.162718Z,price_change,0.72,SELL,-1,0.71,0.72
2026-01-03T23:16:46.088687Z,price_change,0.74,SELL,-1189,0.71,0.72
2026-01-03T23:16:46.116889Z,price_change,0.75,SELL,-100,0.71,0.72
2026-01-03T23:16:46.116889Z,price_change,0.74,SELL,100,0.71,0.72
2026-01-03T23:16:46.744803Z,price_change,0.68,BUY,2000,0.71,0.72
2026-01-03T23:16:48.143473Z,price_change,0.71,BUY,-28,0.71,0.72
2026-01-03T23:16:48.378955Z,price_change,0.74,SELL,1189,0.71,0.72
2026-01-03T23:16:48.420895Z,price_change,0.72,SELL,-22,0.71,0.72
2026-01-03T23:16:50.536162Z,price_change,0.73,SELL,-1,0.71,0.72
2026-01-03T23:16:50.536162Z,price_change,0.74,SELL,1,0.71,0.72
2026-01-03T23:16:50.608657Z,price_change,0.74,SELL,-1,0.71,0.72
2026-01-03T23:16:50.608657Z,price_change,0.73,SELL,1,0.71,0.72
2026-01-03T23:16:51.808194Z,price_change,0.72,SELL,-7,0.71,0.72
2026-01-03T23:16:52.009141Z,price_change,0.71,BUY,-4,0.71,0.72
2026-01-03T23:16:53.151896Z,price_change,0.73,SELL,-1,0.71,0.72
2026-01-03T23:16:53.151896Z,price_change,0.74,SELL,1,0.71,0.72
2026-01-03T23:16:53.22462Z,price_change,0.72,SELL,-26,0.71,0.72
2026-01-03T23:16:53.736482Z,price_change,0.74,SELL,-1,0.71,0.72
2026-01-03T23:16:53.736482Z,price_change,0.73,SELL,1,0.71,0.72
2026-01-03T23:16:54.034573Z,price_change,0.72,SELL,-405,0.71,0.72
2026-01-03T23:16:55.93366Z,price_change,0.72,SELL,-33,0.71,0.72
2026-01-03T23:17:00.73532Z,price_change,0.72,SELL,-6,0.71,0.72
2026-01-03T23:17:01.739178Z,price_change,0.71,BUY,-5,0.71,0.72
2026-01-03T23:17:03.523212Z,price_change,0.74,SELL,-1189,0.71,0.72
2026-01-03T23:17:03.85753Z,price_change,0.74,SELL,1189,0.71,0.72
2026-01-03T23:17:06.176024Z,price_change,0.72,SELL,-2,0.71,0.72
2026-01-03T23:17:08.742947Z,price_change,0.73,SELL,-1,0.71,0.72
2026-01-03T23:17:08.742947Z,price_change,0.74,SELL,1,0.71,0.72
2026-01-03T23:17:09.887464Z,price_change,0.74,SELL,-1,0.71,0.72
2026-01-03T23:17:09.887464Z,price_change,0.73,SELL,1,0.71,0.72
2026-01-03T23:17:10.946076Z,price_change,0.72,SELL,-1,0.71,0.72
2026-01-03T23:17:11.869903Z,price_change,0.73,SELL,1189,0.71,0.72
2026-01-03T23:17:12.243371Z,price_change,0.74,SELL,-1189,0.71,0.72
2026-01-03T23:17:12.374695Z,price_change,0.72,SELL,-8,0.71,0.72
2026-01-03T23:17:15.890982Z,price_change,0.71,BUY,-7,0.71,0.72
2026-01-03T23:17:18.818026Z,price_change,0.74,SELL,-100,0.71,0.72
2026-01-03T23:17:18.818026Z,price_change,0.75,SELL,100,0.71,0.72
2026-01-03T23:17:21.507409Z,price_change,0.75,SELL,-100,0.71,0.72
2026-01-03T23:17:21.507409Z,price_change,0.74,SELL,100,0.71,0.72
2026-01-03T23:17:24.630784Z,price_change,0.74,SELL,10,0.71,0.72
2026-01-03T23:17:26.69806Z,price_change,0.73,SELL,-1,0.71,0.72
2026-01-03T23:17:26.69806Z,price_change,0.74,SELL,1,0.71,0.72
2026-01-03T23:17:28.997623Z,price_change,0.69,BUY,-4348,0.71,0.72
2026-01-03T23:17:29.009616Z,price_change,0.74,SELL,-11538,0.71,0.72
2026-01-03T23:17:29.014329Z,price_change,0.7,BUY,4286,0.71,0.72
2026-01-03T23:17:29.02549Z,price_change,0.76,SELL,12000,0.71,0.72
2026-01-03T23:17:29.407536Z,price_change,0.72,SELL,-204,0.71,0.72
2026-01-03T23:17:29.44557Z,price_change,0.73,SELL,11186,0.71,0.72
2026-01-03T23:17:29.487354Z,price_change,0.74,SELL,-1,0.71,0.72
2026-01-03T23:17:29.487354Z,price_change,0.73,SELL,1,0.71,0.72
2026-01-03T23:17:30.108507Z,price_change,0.74,SELL,-100,0.71,0.72
2026-01-03T23:17:30.108507Z,price_change,0.75,SELL,100,0.71,0.72
2026-01-03T23:17:32.411253Z,price_change,0.73,SELL,-11186,0.71,0.72
2026-01-03T23:17:34.717876Z,price_change,0.73,SELL,11186,0.71,0.72
2026-01-03T23:17:40.037506Z,price_change,0.73,SELL,-15000,0.71,0.72
2026-01-03T23:17:40.063823Z,price_change,0.72,SELL,15000,0.71,0.72
2026-01-03T23:17:40.079539Z,price_change,0.63,BUY,364,0.71,0.72
2026-01-03T23:17:40.080524Z,price_change,0.49,BUY,364,0.71,0.72
2026-01-03T23:17:40.081521Z,price_change,0.75,SELL,364,0.71,0.72
2026-01-03T23:17:40.082585Z,price_change,0.84,SELL,364,0.71,0.72
2026-01-03T23:17:43.000104Z,price_change,0.49,BUY,-364,0.71,0.72
2026-01-03T23:17:43.000104Z,price_change,0.75,SELL,-364,0.71,0.72
2026-01-03T23:17:43.000104Z,price_change,0.84,SELL,-364,0.71,0.72
2026-01-03T23:17:43.000104Z,price_change,0.63,BUY,-364,0.71,0.72
2026-01-03T23:17:48.545742Z,price_change,0.3,BUY,-1,0.71,0.72
2026-01-03T23:17:48.545742Z,price_change,0.2,BUY,1,0.71,0.72
2026-01-03T23:17:49.425182Z,price_change,0.72,SELL,-5,0.71,0.72
2026-01-03T23:17:52.103222Z,price_change,0.75,SELL,16800,0.71,0.72
2026-01-03T23:17:52.277544Z,price_change,0.74,SELL,-16800,0.71,0.72
2026-01-03T23:17:56.507042Z,price_change,0.63,BUY,364,0.71,0.72
2026-01-03T23:17:56.508649Z,price_change,0.49,BUY,364,0.71,0.72
2026-01-03T23:17:56.510119Z,price_change,0.75,SELL,364,0.71,0.72
2026-01-03T23:17:56.511668Z,price_change,0.84,SELL,364,0.71,0.72
2026-01-03T23:17:59.000683Z,price_change,0.49,BUY,-364,0.71,0.72
2026-01-03T23:17:59.000683Z,price_change,0.63,BUY,-364,0.71,0.72
2026-01-03T23:17:59.000683Z,price_change,0.75,SELL,-364,0.71,0.72
2026-01-03T23:17:59.000683Z,price_change,0.84,SELL,-364,0.71,0.72
2026-01-03T23:17:59.238446Z,price_change,0.7,BUY,-4286,0.71,0.72
2026-01-03T23:17:59.25502Z,price_change,0.69,BUY,4348,0.71,0.72
2026-01-03T23:17:59.277449Z,price_change,0.75,SELL,12000,0.71,0.72
2026-01-03T23:17:59.285173Z,price_change,0.76,SELL,-12000,0.71,0.72
2026-01-03T23:17:59.757168Z,price_change,0.72,SELL,-2973,0.71,0.72
2026-01-03T23:17:59.819072Z,price_change,0.72,SELL,-15000,0.71,0.72
2026-01-03T23:17:59.872785Z,price_change,0.73,SELL,15000,0.71,0.72
2026-01-03T23:18:01.434572Z,price_change,0.74,SELL,16800,0.71,0.72
2026-01-03T23:18:01.612238Z,price_change,0.75,SELL,-16800,0.71,0.72
2026-01-03T23:18:04.233732Z,price_change,0.71,BUY,-8,0.71,0.72
2026-01-03T23:18:04.274969Z,price_change,0.73,SELL,-11186,0.71,0.72
2026-01-03T23:18:09.292617Z,price_change,0.72,SELL,-5,0.71,0.72
2026-01-03T23:18:09.995623Z,price_change,0.73,SELL,5,0.71,0.72
2026-01-03T23:18:12.616822Z,price_change,0.72,SELL,-1,0.71,0.72
2026-01-03T23:18:12.83284Z,price_change,0.63,BUY,364,0.71,0.72
2026-01-03T23:18:12.833934Z,price_change,0.49,BUY,364,0.71,0.72
2026-01-03T23:18:12.835152Z,price_change,0.75,SELL,364,0.71,0.72
2026-01-03T23:18:12.836107Z,price_change,0.84,SELL,364,0.71,0.72
2026-01-03T23:18:13.21585Z,price_change,0.72,SELL,-14,0.71,0.72
2026-01-03T23:18:13.21585Z,price_change,0.72,SELL,-27,0.71,0.72
2026-01-03T23:18:14.503859Z,price_change,0.73,SELL,-5,0.71,0.72
2026-01-03T23:18:15.00422Z,price_change,0.63,BUY,-364,0.71,0.72
2026-01-03T23:18:15.00422Z,price_change,0.49,BUY,-364,0.71,0.72
2026-01-03T23:18:15.00422Z,price_change,0.75,SELL,-364,0.71,0.72
2026-01-03T23:18:15.00422Z,price_change,0.84,SELL,-364,0.71,0.72
2026-01-03T23:18:20.1668Z,price_change,0.72,SELL,-13,0.71,0.72
2026-01-03T23:18:21.744665Z,price_change,0.72,SELL,-100,0.71,0.72
2026-01-03T23:18:22.379035Z,price_change,0.72,SELL,91,0.71,0.72
2026-01-03T23:18:22.382608Z,price_change,0.69,BUY,48,0.71,0.72
2026-01-03T23:18:22.396904Z,price_change,0.71,BUY,-910,0.71,0.72
2026-01-03T23:18:22.398066Z,price_change,0.74,SELL,-590,0.71,0.72
2026-01-03T23:18:22.40429Z,price_change,0.69,BUY,-150,0.71,0.72
2026-01-03T23:18:22.404799Z,price_change,0.7,BUY,910,0.71,0.72
2026-01-03T23:18:22.412513Z,price_change,0.73,SELL,590,0.71,0.72
2026-01-03T23:18:25.25308Z,price_change,0.72,SELL,-10,0.71,0.72
2026-01-03T23:18:25.25308Z,price_change,0.72,SELL,-2,0.71,0.72
2026-01-03T23:18:29.107672Z,price_change,0.63,BUY,364,0.71,0.72
2026-01-03T23:18:29.109425Z,price_change,0.49,BUY,364,0.71,0.72
2026-01-03T23:18:29.111048Z,price_change,0.75,SELL,364,0.71,0.72
2026-01-03T23:18:29.112662Z,price_change,0.84,SELL,364,0.71,0.72
2026-01-03T23:18:31.646364Z,price_change,0.72,SELL,-50,0.71,0.72
2026-01-03T23:18:32.000439Z,price_change,0.75,SELL,-364,0.71,0.72
2026-01-03T23:18:32.000439Z,price_change,0.63,BUY,-364,0.71,0.72
2026-01-03T23:18:32.000439Z,price_change,0.49,BUY,-364,0.71,0.72
2026-01-03T23:18:32.000439Z,price_change,0.84,SELL,-364,0.71,0.72
2026-01-03T23:18:32.278664Z,price_change,0.72,SELL,62,0.71,0.72
2026-01-03T23:18:32.303947Z,price_change,0.68,BUY,1188,0.71,0.72
2026-01-03T23:18:32.313537Z,price_change,0.69,BUY,-1190,0.71,0.72
2026-01-03T23:18:32.812301Z,price_change,0.68,BUY,-2841,0.71,0.72
2026-01-03T23:18:32.813876Z,price_change,0.76,SELL,-6671,0.71,0.72
2026-01-03T23:18:32.81557Z,price_change,0.67,BUY,-961,0.71,0.72
2026-01-03T23:18:32.817322Z,price_change,0.77,SELL,-2320,0.71,0.72
2026-01-03T23:18:32.85431Z,price_change,0.67,BUY,2884,0.71,0.72
2026-01-03T23:18:32.856107Z,price_change,0.75,SELL,6405,0.71,0.72
2026-01-03T23:18:32.857533Z,price_change,0.66,BUY,975,0.71,0.72
2026-01-03T23:18:32.858947Z,price_change,0.76,SELL,2223,0.71,0.72
2026-01-03T23:18:32.980805Z,price_change,0.72,SELL,-39,0.71,0.72
2026-01-03T23:18:32.980805Z,price_change,0.72,SELL,-62,0.71,0.73
2026-01-03T23:18:32.980805Z,price_change,0.73,SELL,-40,0.71,0.73
2026-01-03T23:18:32.991452Z,price_change,0.7,BUY,-910,0.71,0.73
2026-01-03T23:18:32.995148Z,price_change,0.73,SELL,-590,0.71,0.73
2026-01-03T23:18:33.003271Z,price_change,0.71,BUY,910,0.71,0.73
2026-01-03T23:18:33.007246Z,price_change,0.74,SELL,590,0.71,0.73
2026-01-03T23:18:33.192163Z,price_change,0.75,SELL,2000,0.71,0.73
2026-01-03T23:18:34.268507Z,price_change,0.72,SELL,10,0.71,0.72
2026-01-03T23:18:34.276338Z,price_change,0.71,BUY,-910,0.71,0.72
2026-01-03T23:18:34.280577Z,price_change,0.74,SELL,-590,0.71,0.72
2026-01-03T23:18:34.2854Z,price_change,0.69,BUY,-48,0.71,0.72
2026-01-03T23:18:34.294841Z,price_change,0.7,BUY,910,0.71,0.72
2026-01-03T23:18:34.296407Z,price_change,0.73,SELL,590,0.71,0.72
2026-01-03T23:18:34.298928Z,price_change,0.75,SELL,-100,0.71,0.72
2026-01-03T23:18:34.298928Z,price_change,0.74,SELL,100,0.71,0.72
2026-01-03T23:18:34.40785Z,price_change,0.76,SELL,2000,0.71,0.72
2026-01-03T23:18:35.568211Z,price_change,0.72,SELL,-10,0.71,0.73
2026-01-03T23:18:35.568211Z,price_change,0.73,SELL,-319,0.71,0.73
2026-01-03T23:18:35.578905Z,price_change,0.7,BUY,-910,0.71,0.73
2026-01-03T23:18:35.581414Z,price_change,0.73,SELL,-590,0.71,0.73
2026-01-03T23:18:35.587929Z,price_change,0.71,BUY,910,0.71,0.73
2026-01-03T23:18:35.592927Z,price_change,0.74,SELL,590,0.71,0.73
2026-01-03T23:18:35.769574Z,price_change,0.74,SELL,5,0.71,0.73
2026-01-03T23:18:35.90428Z,price_change,0.75,SELL,-2000,0.71,0.73
2026-01-03T23:18:35.905956Z,price_change,0.76,SELL,-2000,0.71,0.73
2026-01-03T23:18:36.165913Z,price_change,0.72,SELL,1,0.71,0.72
2026-01-03T23:18:36.17832Z,price_change,0.71,BUY,-910,0.71,0.72
2026-01-03T23:18:36.181145Z,price_change,0.74,SELL,-590,0.71,0.72
2026-01-03T23:18:36.192385Z,price_change,0.7,BUY,910,0.71,0.72
2026-01-03T23:18:36.195468Z,price_change,0.73,SELL,590,0.71,0.72
2026-01-03T23:18:36.38787Z,price_change,0.73,SELL,11186,0.71,0.72
2026-01-03T23:18:36.812392Z,price_change,0.75,SELL,2000,0.71,0.72
2026-01-03T23:18:38.109543Z,price_change,0.7,BUY,1,0.71,0.72
2026-01-03T23:18:39.719472Z,price_change,0.7,BUY,-910,0.71,0.72
2026-01-03T23:18:39.720582Z,price_change,0.73,SELL,-590,0.71,0.72
2026-01-03T23:18:39.731665Z,price_change,0.71,BUY,910,0.71,0.72
2026-01-03T23:18:39.733106Z,price_change,0.74,SELL,590,0.71,0.72
2026-01-03T23:18:40.378323Z,price_change,0.71,BUY,-910,0.71,0.72
2026-01-03T23:18:40.379166Z,price_change,0.74,SELL,-590,0.71,0.72
2026-01-03T23:18:40.391845Z,price_change,0.7,BUY,910,0.71,0.72
2026-01-03T23:18:40.398142Z,price_change,0.73,SELL,590,0.71,0.72
2026-01-03T23:18:43.090996Z,price_change,0.72,SELL,-1,0.71,0.73
2026-01-03T23:18:43.107582Z,price_change,0.7,BUY,-910,0.71,0.73
2026-01-03T23:18:43.110092Z,price_change,0.73,SELL,-590,0.71,0.73
2026-01-03T23:18:43.11796Z,price_change,0.71,BUY,910,0.71,0.73
2026-01-03T23:18:43.12083Z,price_change,0.74,SELL,590,0.71,0.73
2026-01-03T23:18:43.553837Z,price_change,0.76,SELL,2000,0.71,0.73
2026-01-03T23:18:45.294321Z,price_change,0.73,SELL,-6,0.71,0.73
2026-01-03T23:18:45.412274Z,price_change,0.63,BUY,364,0.71,0.73
2026-01-03T23:18:45.41411Z,price_change,0.49,BUY,364,0.71,0.73
2026-01-03T23:18:45.415693Z,price_change,0.76,SELL,364,0.71,0.73
2026-01-03T23:18:45.417346Z,price_change,0.84,SELL,364,0.71,0.73
2026-01-03T23:18:45.451293Z,price_change,0.73,SELL,-4,0.71,0.73
2026-01-03T23:18:48.000418Z,price_change,0.84,SELL,-364,0.71,0.73
2026-01-03T23:18:48.000418Z,price_change,0.76,SELL,-364,0.71,0.73
2026-01-03T23:18:48.000418Z,price_change,0.49,BUY,-364,0.71,0.73
2026-01-03T23:18:48.000418Z,price_change,0.63,BUY,-364,0.71,0.73
2026-01-03T23:18:49.545815Z,price_change,0.7,BUY,5,0.71,0.73
2026-01-03T23:18:50.006527Z,price_change,0.74,SELL,-5,0.71,0.73
2026-01-03T23:18:50.262841Z,price_change,0.7,BUY,-5,0.71,0.73
2026-01-03T23:18:50.696513Z,price_change,0.74,SELL,5,0.71,0.73
2026-01-03T23:18:51.699862Z,price_change,0.73,SELL,-20,0.71,0.73
2026-01-03T23:18:57.548867Z,price_change,0.73,SELL,-26,0.71,0.73
2026-01-03T23:18:57.879176Z,price_change,0.68,BUY,-1188,0.71,0.73
2026-01-03T23:18:58.446601Z,price_change,0.71,BUY,-860,0.71,0.73
2026-01-03T23:18:58.650555Z,price_change,0.68,BUY,1188,0.71,0.73
2026-01-03T23:19:01.660324Z,price_change,0.63,BUY,364,0.71,0.73
2026-01-03T23:19:01.661927Z,price_change,0.49,BUY,364,0.71,0.73
2026-01-03T23:19:01.663352Z,price_change,0.76,SELL,364,0.71,0.73
2026-01-03T23:19:01.664894Z,price_change,0.84,SELL,364,0.71,0.73
2026-01-03T23:19:02.548008Z,price_change,0.73,SELL,-69,0.71,0.73
2026-01-03T23:19:02.598758Z,price_change,0.73,SELL,-750,0.71,0.73
2026-01-03T23:19:02.923Z,price_change,0.73,SELL,-11186,0.71,0.73
2026-01-03T23:19:04.000202Z,price_change,0.76,SELL,-364,0.71,0.73
2026-01-03T23:19:04.000202Z,price_change,0.49,BUY,-364,0.71,0.73
2026-01-03T23:19:04.000202Z,price_change,0.63,BUY,-364,0.71,0.73
2026-01-03T23:19:04.000202Z,price_change,0.84,SELL,-364,0.71,0.73
2026-01-03T23:19:04.044215Z,price_change,0.73,SELL,11186,0.71,0.73
2026-01-03T23:19:05.462847Z,price_change,0.71,BUY,860,0.71,0.73
2026-01-03T23:19:08.240876Z,price_change,0.73,SELL,-333,0.71,0.73
2026-01-03T23:19:09.964405Z,price_change,0.75,SELL,-2000,0.71,0.73
2026-01-03T23:19:09.965601Z,price_change,0.76,SELL,-2000,0.71,0.73
2026-01-03T23:19:10.400498Z,price_change,0.71,BUY,-10,0.71,0.73
2026-01-03T23:19:10.771284Z,price_change,0.73,SELL,-26,0.71,0.73
2026-01-03T23:19:11.092468Z,price_change,0.76,SELL,2000,0.71,0.73
2026-01-03T23:19:11.094286Z,price_change,0.75,SELL,2000,0.71,0.73
2026-01-03T23:19:14.270362Z,price_change,0.73,SELL,-133,0.71,0.73
2026-01-03T23:19:14.328786Z,price_change,0.71,BUY,10000,0.71,0.73
2026-01-03T23:19:14.845848Z,price_change,0.71,BUY,10000,0.71,0.73
2026-01-03T23:19:17.923137Z,price_change,0.63,BUY,364,0.71,0.73
2026-01-03T23:19:17.923976Z,price_change,0.49,BUY,364,0.71,0.73
2026-01-03T23:19:17.924916Z,price_change,0.76,SELL,364,0.71,0.73
2026-01-03T23:19:17.925972Z,price_change,0.84,SELL,364,0.71,0.73
2026-01-03T23:19:20.000525Z,price_change,0.63,BUY,-364,0.71,0.73
2026-01-03T23:19:20.000525Z,price_change,0.49,BUY,-364,0.71,0.73
2026-01-03T23:19:20.000525Z,price_change,0.76,SELL,-364,0.71,0.73
2026-01-03T23:19:20.000525Z,price_change,0.84,SELL,-364,0.71,0.73
2026-01-03T23:19:21.824557Z,price_change,0.73,SELL,-67,0.71,0.73
2026-01-03T23:19:21.887562Z,price_change,0.75,SELL,-2000,0.71,0.73
2026-01-03T23:19:23.895252Z,price_change,0.76,SELL,-2000,0.71,0.73
2026-01-03T23:19:27.601301Z,price_change,0.73,SELL,-13,0.71,0.73
2026-01-03T23:19:30.234404Z,price_change,0.68,BUY,-1188,0.71,0.73
2026-01-03T23:19:34.31447Z,price_change,0.63,BUY,364,0.71,0.73
2026-01-03T23:19:34.315638Z,price_change,0.49,BUY,364,0.71,0.73
2026-01-03T23:19:34.316682Z,price_change,0.76,SELL,364,0.71,0.73
2026-01-03T23:19:34.317602Z,price_change,0.84,SELL,364,0.71,0.73
2026-01-03T23:19:37.000129Z,price_change,0.49,BUY,-364,0.71,0.73
2026-01-03T23:19:37.000129Z,price_change,0.84,SELL,-364,0.71,0.73
2026-01-03T23:19:37.000129Z,price_change,0.76,SELL,-364,0.71,0.73
2026-01-03T23:19:37.000129Z,price_change,0.63,BUY,-364,0.71,0.73
2026-01-03T23:19:39.459122Z,price_change,0.68,BUY,1188,0.71,0.73
2026-01-03T23:19:39.926391Z,price_change,0.68,BUY,-1188,0.71,0.73
2026-01-03T23:19:42.780242Z,price_change,0.73,SELL,-6,0.71,0.73
2026-01-03T23:19:43.63978Z,price_change,0.73,SELL,-400,0.71,0.73
2026-01-03T23:19:44.198194Z,price_change,0.73,SELL,-33,0.71,0.73
2026-01-03T23:19:46.456961Z,price_change,0.73,SELL,-1,0.71,0.73
2026-01-03T23:19:47.554434Z,price_change,0.68,BUY,1188,0.71,0.73
2026-01-03T23:19:50.039788Z,price_change,0.73,SELL,-100,0.71,0.73
2026-01-03T23:19:50.630724Z,price_change,0.63,BUY,364,0.71,0.73
2026-01-03T23:19:50.631841Z,price_change,0.49,BUY,364,0.71,0.73
2026-01-03T23:19:50.632987Z,price_change,0.76,SELL,364,0.71,0.73
2026-01-03T23:19:50.633846Z,price_change,0.84,SELL,364,0.71,0.73
2026-01-03T23:19:51.939628Z,price_change,0.68,BUY,-2000,0.71,0.73
2026-01-03T23:19:53.001352Z,price_change,0.84,SELL,-364,0.71,0.73
2026-01-03T23:19:53.001352Z,price_change,0.49,BUY,-364,0.71,0.73
2026-01-03T23:19:53.001352Z,price_change,0.63,BUY,-364,0.71,0.73
2026-01-03T23:19:53.001352Z,price_change,0.76,SELL,-364,0.71,0.73
2026-01-03T23:19:53.075683Z,price_change,0.71,BUY,-323,0.71,0.73
2026-01-03T23:19:53.107684Z,price_change,0.73,SELL,-2,0.71,0.73
2026-01-03T23:19:55.374217Z,price_change,0.9299999999999999,SELL,-7,0.71,0.73
2026-01-03T23:19:59.763616Z,price_change,0.73,SELL,-13,0.71,0.73
2026-01-03T23:20:05.61486Z,price_change,0.73,SELL,-119,0.71,0.73
2026-01-03T23:20:06.714543Z,price_change,0.73,SELL,-717,0.71,0.73
2026-01-03T23:20:06.954261Z,price_change,0.63,BUY,364,0.71,0.73
2026-01-03T23:20:06.955736Z,price_change,0.49,BUY,364,0.71,0.73
2026-01-03T23:20:06.957135Z,price_change,0.76,SELL,364,0.71,0.73
2026-01-03T23:20:06.958618Z,price_change,0.84,SELL,364,0.71,0.73
2026-01-03T23:20:09.000124Z,price_change,0.84,SELL,-364,0.71,0.73
2026-01-03T23:20:09.000124Z,price_change,0.76,SELL,-364,0.71,0.73
2026-01-03T23:20:09.000124Z,price_change,0.63,BUY,-364,0.71,0.73
2026-01-03T23:20:09.000124Z,price_change,0.49,BUY,-364,0.71,0.73
2026-01-03T23:20:11.581011Z,price_change,0.73,SELL,-107,0.71,0.73
2026-01-03T23:20:11.918047Z,price_change,0.73,SELL,-66,0.71,0.73
2026-01-03T23:20:12.322834Z,price_change,0.73,SELL,-4333,0.71,0.73
2026-01-03T23:20:14.468839Z,price_change,0.73,SELL,-11186,0.71,0.73
2026-01-03T23:20:14.471899Z,price_change,0.4,BUY,-21513,0.71,0.73
2026-01-03T23:20:14.472113Z,price_change,0.73,SELL,-860,0.71,0.73
2026-01-03T23:20:15.074914Z,price_change,0.73,SELL,-4,0.71,0.73
2026-01-03T23:20:15.196672Z,price_change,0.73,SELL,860,0.71,0.73
2026-01-03T23:20:15.197216Z,price_change,0.4,BUY,21513,0.71,0.73
2026-01-03T23:20:15.264763Z,price_change,0.68,BUY,-1188,0.71,0.73
2026-01-03T23:20:15.45957Z,price_change,0.73,SELL,-20,0.71,0.73
2026-01-03T23:20:15.462879Z,price_change,0.76,SELL,2000,0.71,0.73
2026-01-03T23:20:15.834973Z,price_change,0.73,SELL,-1200,0.71,0.73
2026-01-03T23:20:16.016342Z,price_change,0.4,BUY,-21513,0.71,0.73
2026-01-03T23:20:16.226271Z,price_change,0.68,BUY,1188,0.71,0.73
2026-01-03T23:20:16.241716Z,price_change,0.41,BUY,21513,0.71,0.73
2026-01-03T23:20:17.040411Z,price_change,0.74,SELL,-100,0.71,0.73
2026-01-03T23:20:17.040411Z,price_change,0.75,SELL,100,0.71,0.73
2026-01-03T23:20:17.891336Z,price_change,0.68,BUY,-1188,0.71,0.73
2026-01-03T23:20:18.97663Z,price_change,0.73,SELL,-13,0.71,0.73
2026-01-03T23:20:19.061088Z,price_change,0.71,BUY,-122,0.71,0.73
2026-01-03T23:20:19.17902Z,price_change,0.41,BUY,-21513,0.71,0.73
2026-01-03T23:20:19.221727Z,price_change,0.4,BUY,21513,0.71,0.73
2026-01-03T23:20:20.701883Z,price_change,0.73,SELL,-66,0.71,0.73
2026-01-03T23:20:20.734936Z,price_change,0.75,SELL,-100,0.71,0.73
2026-01-03T23:20:20.734936Z,price_change,0.74,SELL,100,0.71,0.73
2026-01-03T23:20:23.321037Z,price_change,0.63,BUY,364,0.71,0.73
2026-01-03T23:20:23.322774Z,price_change,0.49,BUY,364,0.71,0.73
2026-01-03T23:20:23.324221Z,price_change,0.76,SELL,364,0.71,0.73
2026-01-03T23:20:23.325291Z,price_change,0.84,SELL,364,0.71,0.73
2026-01-03T23:20:24.283507Z,price_change,0.68,BUY,1188,0.71,0.73
2026-01-03T23:20:24.315438Z,price_change,0.47,BUY,-3442,0.71,0.73
2026-01-03T23:20:24.318016Z,price_change,0.4,BUY,-21513,0.71,0.73
2026-01-03T23:20:24.349393Z,price_change,0.49,BUY,3442,0.71,0.73
2026-01-03T23:20:24.351445Z,price_change,0.41,BUY,21513,0.71,0.73
2026-01-03T23:20:26.000624Z,price_change,0.49,BUY,-364,0.71,0.73
2026-01-03T23:20:26.000624Z,price_change,0.63,BUY,-364,0.71,0.73
2026-01-03T23:20:26.000624Z,price_change,0.76,SELL,-364,0.71,0.73
2026-01-03T23:20:26.000624Z,price_change,0.84,SELL,-364,0.71,0.73
2026-01-03T23:20:26.053616Z,price_change,0.41,BUY,-21513,0.71,0.73
2026-01-03T23:20:26.0544Z,price_change,0.49,BUY,-3442,0.71,0.73
2026-01-03T23:20:26.085174Z,price_change,0.4,BUY,21513,0.71,0.73
2026-01-03T23:20:26.088268Z,price_change,0.47,BUY,3442,0.71,0.73
2026-01-03T23:20:27.517831Z,price_change,0.73,SELL,-43,0.71,0.73
2026-01-03T23:20:28.621075Z,price_change,0.68,BUY,7200,0.71,0.73
2026-01-03T23:20:28.764765Z,price_change,0.69,BUY,-7200,0.71,0.73
2026-01-03T23:20:28.912511Z,price_change,0.73,SELL,16800,0.71,0.73
2026-01-03T23:20:29.059923Z,price_change,0.74,SELL,-16800,0.71,0.73
2026-01-03T23:20:29.562277Z,price_change,0.69,BUY,-4348,0.71,0.73
2026-01-03T23:20:29.570848Z,price_change,0.7,BUY,4286,0.71,0.73
2026-01-03T23:20:30.675051Z,price_change,0.72,BUY,86,0.72,0.73
2026-01-03T23:20:30.725857Z,price_change,0.73,SELL,-1,0.72,0.73
2026-01-03T23:20:30.725857Z,price_change,0.74,SELL,1,0.72,0.73
2026-01-03T23:20:30.895622Z,price_change,0.73,SELL,-1,0.72,0.73
2026-01-03T23:20:30.895622Z,price_change,0.74,SELL,1,0.72,0.73
2026-01-03T23:20:31.193295Z,price_change,0.76,SELL,-2000,0.72,0.73
2026-01-03T23:20:31.204546Z,price_change,0.76,SELL,1000,0.72,0.73
2026-01-03T23:20:35.656256Z,price_change,0.76,SELL,-1000,0.72,0.73
2026-01-03T23:20:35.658602Z,price_change,0.76,SELL,500,0.72,0.73
2026-01-03T23:20:35.864032Z,price_change,0.73,SELL,-131,0.72,0.73
2026-01-03T23:20:36.861598Z,price_change,0.76,SELL,-500,0.72,0.73
2026-01-03T23:20:39.528018Z,price_change,0.73,SELL,-100,0.72,0.73
2026-01-03T23:20:39.7195Z,price_change,0.63,BUY,364,0.72,0.73
2026-01-03T23:20:39.721037Z,price_change,0.5,BUY,364,0.72,0.73
2026-01-03T23:20:39.722521Z,price_change,0.76,SELL,364,0.72,0.73
2026-01-03T23:20:39.724076Z,price_change,0.84,SELL,364,0.72,0.73
2026-01-03T23:20:40.501824Z,price_change,0.73,SELL,-666,0.72,0.73
2026-01-03T23:20:40.938438Z,price_change,0.4,BUY,-21513,0.72,0.73
2026-01-03T23:20:40.978873Z,price_change,0.41,BUY,21513,0.72,0.73
2026-01-03T23:20:40.992996Z,price_change,0.73,SELL,-19,0.72,0.73
2026-01-03T23:20:42.00078Z,price_change,0.76,SELL,-364,0.72,0.73
2026-01-03T23:20:42.00078Z,price_change,0.63,BUY,-364,0.72,0.73
2026-01-03T23:20:42.00078Z,price_change,0.5,BUY,-364,0.72,0.73
2026-01-03T23:20:42.00078Z,price_change,0.84,SELL,-364,0.72,0.73
2026-01-03T23:20:45.549081Z,price_change,0.76,SELL,500,0.72,0.73
2026-01-03T23:20:45.590209Z,price_change,0.41,BUY,-21513,0.72,0.73
2026-01-03T23:20:45.625805Z,price_change,0.4,BUY,21513,0.72,0.73
2026-01-03T23:20:45.853755Z,price_change,0.72,BUY,-86,0.71,0.73
2026-01-03T23:20:49.118084Z,price_change,0.73,SELL,-36,0.71,0.73
2026-01-03T23:20:49.170307Z,price_change,0.4,BUY,-21513,0.71,0.73
2026-01-03T23:20:49.202614Z,price_change,0.41,BUY,21513,0.71,0.73
2026-01-03T23:20:50.89427Z,price_change,0.41,BUY,-21513,0.71,0.73
2026-01-03T23:20:50.936686Z,price_change,0.4,BUY,21513,0.71,0.73
2026-01-03T23:20:54.732741Z,price_change,0.74,SELL,-1,0.71,0.73
2026-01-03T23:20:54.732741Z,price_change,0.73,SELL,1,0.71,0.73
2026-01-03T23:20:54.828627Z,price_change,0.74,SELL,-1,0.71,0.73
2026-01-03T23:20:54.828627Z,price_change,0.73,SELL,1,0.71,0.73
2026-01-03T23:20:55.314328Z,price_change,0.71,BUY,-13,0.71,0.73
2026-01-03T23:20:56.166609Z,price_change,0.63,BUY,364,0.71,0.73
2026-01-03T23:20:56.16786Z,price_change,0.49,BUY,364,0.71,0.73
2026-01-03T23:20:56.168838Z,price_change,0.76,SELL,364,0.71,0.73
2026-01-03T23:20:56.169863Z,price_change,0.84,SELL,364,0.71,0.73
2026-01-03T23:20:56.978228Z,price_change,0.76,SELL,500,0.71,0.73
2026-01-03T23:20:59.000485Z,price_change,0.84,SELL,-364,0.71,0.73
2026-01-03T23:20:59.000485Z,price_change,0.49,BUY,-364,0.71,0.73
2026-01-03T23:20:59.000485Z,price_change,0.63,BUY,-364,0.71,0.73
2026-01-03T23:20:59.000485Z,price_change,0.76,SELL,-364,0.71,0.73
2026-01-03T23:21:02.190137Z,price_change,0.73,SELL,-763,0.71,0.73
2026-01-03T23:21:02.190137Z,price_change,0.73,SELL,-1474,0.71,0.73
2026-01-03T23:21:02.27541Z,price_change,0.73,SELL,-1,0.71,0.73
2026-01-03T23:21:02.343917Z,price_change,0.73,SELL,11186,0.71,0.73
2026-01-03T23:21:03.250778Z,price_change,0.73,SELL,-140,0.71,0.73
2026-01-03T23:21:08.004154Z,price_change,0.73,SELL,-1,0.71,0.73
2026-01-03T23:21:08.004154Z,price_change,0.74,SELL,1,0.71,0.73
2026-01-03T23:21:08.319057Z,price_change,0.74,SELL,-1,0.71,0.73
2026-01-03T23:21:08.319057Z,price_change,0.73,SELL,1,0.71,0.73
2026-01-03T23:21:08.824126Z,price_change,0.76,SELL,-500,0.71,0.73
2026-01-03T23:21:09.064308Z,price_change,0.76,SELL,500,0.71,0.73
2026-01-03T23:21:09.603188Z,price_change,0.76,SELL,-500,0.71,0.73
2026-01-03T23:21:10.188372Z,price_change,0.73,SELL,-1,0.71,0.73
2026-01-03T23:21:12.59687Z,price_change,0.63,BUY,364,0.71,0.73
2026-01-03T23:21:12.598352Z,price_change,0.49,BUY,364,0.71,0.73
2026-01-03T23:21:12.599693Z,price_change,0.76,SELL,364,0.71,0.73
2026-01-03T23:21:12.601192Z,price_change,0.84,SELL,364,0.71,0.73
2026-01-03T23:21:12.731396Z,price_change,0.73,SELL,-10,0.71,0.73
2026-01-03T23:21:15.000104Z,price_change,0.84,SELL,-364,0.71,0.73
2026-01-03T23:21:15.000104Z,price_change,0.76,SELL,-364,0.71,0.73
2026-01-03T23:21:15.000104Z,price_change,0.49,BUY,-364,0.71,0.73
2026-01-03T23:21:15.000104Z,price_change,0.63,BUY,-364,0.71,0.73
2026-01-03T23:21:18.71468Z,price_change,0.76,SELL,500,0.71,0.73
2026-01-03T23:21:18.825705Z,price_change,0.76,SELL,-500,0.71,0.73
2026-01-03T23:21:20.2016Z,price_change,0.71,BUY,-180,0.71,0.73
2026-01-03T23:21:24.787386Z,price_change,0.76,SELL,-500,0.71,0.73
2026-01-03T23:21:25.646677Z,price_change,0.73,SELL,-4,0.71,0.73
2026-01-03T23:21:26.595405Z,price_change,0.73,SELL,-379,0.71,0.73
2026-01-03T23:21:29.098135Z,price_change,0.63,BUY,364,0.71,0.73
2026-01-03T23:21:29.09894Z,price_change,0.49,BUY,364,0.71,0.73
2026-01-03T23:21:29.099715Z,price_change,0.76,SELL,364,0.71,0.73
2026-01-03T23:21:29.100494Z,price_change,0.84,SELL,364,0.71,0.73
2026-01-03T23:21:29.462379Z,price_change,0.76,SELL,2000,0.71,0.73
2026-01-03T23:21:29.706961Z,price_change,0.7,BUY,-4286,0.71,0.73
2026-01-03T23:21:29.71571Z,price_change,0.69,BUY,4348,0.71,0.73
2026-01-03T23:21:32.000331Z,price_change,0.49,BUY,-364,0.71,0.73
2026-01-03T23:21:32.000331Z,price_change,0.84,SELL,-364,0.71,0.73
2026-01-03T23:21:32.000331Z,price_change,0.76,SELL,-364,0.71,0.73
2026-01-03T23:21:32.000331Z,price_change,0.63,BUY,-364,0.71,0.73
2026-01-03T23:21:34.474985Z,price_change,0.71,BUY,-47,0.71,0.73
2026-01-03T23:21:41.145584Z,price_change,0.73,SELL,-5,0.71,0.73
2026-01-03T23:21:41.526433Z,price_change,0.69,BUY,7200,0.71,0.73
2026-01-03T23:21:41.70635Z,price_change,0.68,BUY,-7200,0.71,0.73
2026-01-03T23:21:41.885956Z,price_change,0.74,SELL,16800,0.71,0.73
2026-01-03T23:21:42.06133Z,price_change,0.73,SELL,-16800,0.71,0.73
2026-01-03T23:21:43.217093Z,price_change,0.5,BUY,-25,0.71,0.73
2026-01-03T23:21:45.463737Z,price_change,0.63,BUY,364,0.71,0.73
2026-01-03T23:21:45.465239Z,price_change,0.49,BUY,364,0.71,0.73
2026-01-03T23:21:45.466879Z,price_change,0.76,SELL,364,0.71,0.73
2026-01-03T23:21:45.468595Z,price_change,0.84,SELL,364,0.71,0.73
2026-01-03T23:21:45.551792Z,price_change,0.73,SELL,-12,0.71,0.73
2026-01-03T23:21:48.000534Z,price_change,0.63,BUY,-364,0.71,0.73
2026-01-03T23:21:48.000534Z,price_change,0.49,BUY,-364,0.71,0.73
2026-01-03T23:21:48.000534Z,price_change,0.76,SELL,-364,0.71,0.73
2026-01-03T23:21:48.000534Z,price_change,0.84,SELL,-364,0.71,0.73
2026-01-03T23:21:51.027743Z,price_change,0.71,BUY,-44,0.71,0.73
2026-01-03T23:21:52.280161Z,price_change,0.73,SELL,-13,0.71,0.73
2026-01-03T23:21:59.670503Z,price_change,0.73,SELL,-1,0.71,0.73
2026-01-03T23:21:59.908179Z,price_change,0.73,SELL,-144,0.71,0.73
2026-01-03T23:22:01.785154Z,price_change,0.63,BUY,364,0.71,0.73
2026-01-03T23:22:01.786035Z,price_change,0.49,BUY,364,0.71,0.73
2026-01-03T23:22:01.786915Z,price_change,0.76,SELL,364,0.71,0.73
2026-01-03T23:22:01.788161Z,price_change,0.84,SELL,364,0.71,0.73
2026-01-03T23:22:04.003147Z,price_change,0.49,BUY,-364,0.71,0.73
2026-01-03T23:22:04.003147Z,price_change,0.84,SELL,-364,0.71,0.73
2026-01-03T23:22:04.003147Z,price_change,0.76,SELL,-364,0.71,0.73
2026-01-03T23:22:04.003147Z,price_change,0.63,BUY,-364,0.71,0.73
2026-01-03T23:22:09.176964Z,price_change,0.73,SELL,-1,0.71,0.73
2026-01-03T23:22:09.662489Z,price_change,0.68,BUY,2000,0.71,0.73
2026-01-03T23:22:11.424021Z,price_change,0.73,SELL,-67,0.71,0.73
2026-01-03T23:22:16.133712Z,price_change,0.73,SELL,-10,0.71,0.73
2026-01-03T23:22:18.14342Z,price_change,0.63,BUY,364,0.71,0.73
2026-01-03T23:22:18.144263Z,price_change,0.49,BUY,364,0.71,0.73
2026-01-03T23:22:18.144945Z,price_change,0.76,SELL,364,0.71,0.73
2026-01-03T23:22:18.145575Z,price_change,0.84,SELL,364,0.71,0.73
2026-01-03T23:22:21.00096Z,price_change,0.76,SELL,-364,0.71,0.73
2026-01-03T23:22:21.00096Z,price_change,0.84,SELL,-364,0.71,0.73
2026-01-03T23:22:21.00096Z,price_change,0.63,BUY,-364,0.71,0.73
2026-01-03T23:22:21.00096Z,price_change,0.49,BUY,-364,0.71,0.73
2026-01-03T23:22:22.953895Z,price_change,0.73,SELL,-8,0.71,0.73
2026-01-03T23:22:24.556317Z,price_change,0.71,BUY,-1104,0.71,0.73
2026-01-03T23:22:24.666348Z,price_change,0.73,SELL,11186,0.71,0.73
2026-01-03T23:22:25.378922Z,price_change,0.73,SELL,-11186,0.71,0.73
2026-01-03T23:22:34.55832Z,price_change,0.63,BUY,364,0.71,0.73
2026-01-03T23:22:34.560072Z,price_change,0.49,BUY,364,0.71,0.73
2026-01-03T23:22:34.561611Z,price_change,0.76,SELL,364,0.71,0.73
2026-01-03T23:22:34.563096Z,price_change,0.84,SELL,364,0.71,0.73
2026-01-03T23:22:37.000186Z,price_change,0.49,BUY,-364,0.71,0.73
2026-01-03T23:22:37.000186Z,price_change,0.76,SELL,-364,0.71,0.73
2026-01-03T23:22:37.000186Z,price_change,0.84,SELL,-364,0.71,0.73
2026-01-03T23:22:37.000186Z,price_change,0.63,BUY,-364,0.71,0.73
2026-01-03T23:22:37.822588Z,price_change,0.73,SELL,-6666,0.71,0.73
2026-01-03T23:22:40.970247Z,price_change,0.73,SELL,-33,0.71,0.73
2026-01-03T23:22:43.54827Z,price_change,0.68,BUY,-1188,0.71,0.73
2026-01-03T23:22:43.923307Z,price_change,0.68,BUY,1188,0.71,0.73
2026-01-03T23:22:45.252396Z,price_change,0.74,SELL,-100,0.71,0.73
2026-01-03T23:22:45.252396Z,price_change,0.75,SELL,100,0.71,0.73
2026-01-03T23:22:47.44542Z,price_change,0.73,SELL,-26,0.71,0.73
2026-01-03T23:22:47.477268Z,price_change,0.75,SELL,-100,0.71,0.73
2026-01-03T23:22:47.477268Z,price_change,0.74,SELL,100,0.71,0.73
2026-01-03T23:22:50.882158Z,price_change,0.63,BUY,364,0.71,0.73
2026-01-03T23:22:50.882946Z,price_change,0.49,BUY,364,0.71,0.73
2026-01-03T23:22:50.883732Z,price_change,0.76,SELL,364,0.71,0.73
2026-01-03T23:22:50.884581Z,price_change,0.84,SELL,364,0.71,0.73
2026-01-03T23:22:51.055568Z,price_change,0.74,SELL,-100,0.71,0.73
2026-01-03T23:22:51.055568Z,price_change,0.75,SELL,100,0.71,0.73
2026-01-03T23:22:53.002335Z,price_change,0.76,SELL,-364,0.71,0.73
2026-01-03T23:22:53.002335Z,price_change,0.84,SELL,-364,0.71,0.73
2026-01-03T23:22:53.002335Z,price_change,0.49,BUY,-364,0.71,0.73
2026-01-03T23:22:53.002335Z,price_change,0.63,BUY,-364,0.71,0.73
2026-01-03T23:22:55.555397Z,price_change,0.7,BUY,-100,0.71,0.73
2026-01-03T23:22:55.555397Z,price_change,0.71,BUY,100,0.71,0.73
2026-01-03T23:22:58.059299Z,price_change,0.73,SELL,-8,0.71,0.73
2026-01-03T23:23:04.220403Z,price_change,0.4,BUY,-50,0.71,0.73
2026-01-03T23:23:07.294211Z,price_change,0.63,BUY,364,0.71,0.73
2026-01-03T23:23:07.295692Z,price_change,0.49,BUY,364,0.71,0.73
2026-01-03T23:23:07.297271Z,price_change,0.76,SELL,364,0.71,0.73
2026-01-03T23:23:07.298597Z,price_change,0.84,SELL,364,0.71,0.73
2026-01-03T23:23:08.612939Z,price_change,0.73,SELL,-33,0.71,0.73
2026-01-03T23:23:10.001106Z,price_change,0.84,SELL,-364,0.71,0.73
2026-01-03T23:23:10.001106Z,price_change,0.76,SELL,-364,0.71,0.73
2026-01-03T23:23:10.001106Z,price_change,0.49,BUY,-364,0.71,0.73
2026-01-03T23:23:10.001106Z,price_change,0.63,BUY,-364,0.71,0.73
2026-01-03T23:23:14.394389Z,price_change,0.48,BUY,-105,0.71,0.73
2026-01-03T23:23:16.603983Z,price_change,0.69,BUY,1188,0.71,0.73
2026-01-03T23:23:16.639079Z,price_change,0.71,BUY,-100,0.71,0.73
2026-01-03T23:23:16.639079Z,price_change,0.7,BUY,100,0.71,0.73
2026-01-03T23:23:16.914703Z,price_change,0.68,BUY,-1188,0.71,0.73
2026-01-03T23:23:19.668886Z,price_change,0.69,BUY,-1188,0.71,0.73
2026-01-03T23:23:19.990561Z,price_change,0.71,BUY,-15,0.71,0.73
2026-01-03T23:23:23.610393Z,price_change,0.63,BUY,364,0.71,0.73
2026-01-03T23:23:23.611892Z,price_change,0.49,BUY,364,0.71,0.73
2026-01-03T23:23:23.613457Z,price_change,0.76,SELL,364,0.71,0.73
2026-01-03T23:23:23.61563Z,price_change,0.84,SELL,364,0.71,0.73
2026-01-03T23:23:24.7185Z,price_change,0.68,BUY,1188,0.71,0.73
2026-01-03T23:23:26.000105Z,price_change,0.84,SELL,-364,0.71,0.73
2026-01-03T23:23:26.000105Z,price_change,0.76,SELL,-364,0.71,0.73
2026-01-03T23:23:26.000105Z,price_change,0.49,BUY,-364,0.71,0.73
2026-01-03T23:23:26.000105Z,price_change,0.63,BUY,-364,0.71,0.73
2026-01-03T23:23:28.802954Z,price_change,0.73,SELL,-65,0.71,0.73
2026-01-03T23:23:31.643543Z,price_change,0.68,BUY,-1188,0.71,0.73
2026-01-03T23:23:32.423263Z,price_change,0.73,SELL,-16,0.71,0.73
2026-01-03T23:23:32.834913Z,price_change,0.68,BUY,1188,0.71,0.73
2026-01-03T23:23:35.731618Z,price_change,0.73,SELL,-98,0.71,0.73
2026-01-03T23:23:38.48743Z,price_change,0.71,BUY,2300,0.71,0.73
2026-01-03T23:23:39.904035Z,price_change,0.63,BUY,364,0.71,0.73
2026-01-03T23:23:39.90656Z,price_change,0.49,BUY,364,0.71,0.73
2026-01-03T23:23:39.907832Z,price_change,0.76,SELL,364,0.71,0.73
2026-01-03T23:23:39.909851Z,price_change,0.84,SELL,364,0.71,0.73
2026-01-03T23:23:41.212977Z,price_change,0.73,SELL,28,0.71,0.73
2026-01-03T23:23:42.000332Z,price_change,0.49,BUY,-364,0.71,0.73
2026-01-03T23:23:42.000332Z,price_change,0.63,BUY,-364,0.71,0.73
2026-01-03T23:23:42.000332Z,price_change,0.76,SELL,-364,0.71,0.73
2026-01-03T23:23:42.000332Z,price_change,0.84,SELL,-364,0.71,0.73
2026-01-03T23:23:50.758756Z,price_change,0.73,SELL,-6,0.71,0.73
2026-01-03T23:23:51.25809Z,price_change,0.71,BUY,-16,0.71,0.73
2026-01-03T23:23:53.624765Z,price_change,0.73,SELL,-26,0.71,0.73
2026-01-03T23:23:56.221371Z,price_change,0.63,BUY,364,0.71,0.73
2026-01-03T23:23:56.22324Z,price_change,0.49,BUY,364,0.71,0.73
2026-01-03T23:23:56.224565Z,price_change,0.76,SELL,364,0.71,0.73
2026-01-03T23:23:56.225936Z,price_change,0.84,SELL,364,0.71,0.73
2026-01-03T23:23:59.001687Z,price_change,0.49,BUY,-364,0.71,0.73
2026-01-03T23:23:59.001687Z,price_change,0.63,BUY,-364,0.71,0.73
2026-01-03T23:23:59.001687Z,price_change,0.84,SELL,-364,0.71,0.73
2026-01-03T23:23:59.001687Z,price_change,0.76,SELL,-364,0.71,0.73
2026-01-03T23:24:00.002429Z,price_change,0.74,SELL,-16800,0.71,0.73
2026-01-03T23:24:00.002429Z,price_change,0.69,BUY,-7200,0.71,0.73
2026-01-03T23:24:03.045353Z,price_change,0.7,BUY,-100,0.71,0.73
2026-01-03T23:24:03.045353Z,price_change,0.71,BUY,100,0.71,0.73
2026-01-03T23:24:06.773418Z,price_change,0.73,SELL,-50,0.71,0.73
2026-01-03T23:24:07.92625Z,price_change,0.23,BUY,1,0.71,0.73
2026-01-03T23:24:08.799183Z,price_change,0.73,SELL,-1,0.71,0.73
2026-01-03T23:24:12.678068Z,price_change,0.63,BUY,364,0.71,0.73
2026-01-03T23:24:12.681407Z,price_change,0.49,BUY,364,0.71,0.73
2026-01-03T23:24:12.683014Z,price_change,0.76,SELL,364,0.71,0.73
2026-01-03T23:24:12.684356Z,price_change,0.84,SELL,364,0.71,0.73
2026-01-03T23:24:15.000175Z,price_change,0.76,SELL,-364,0.71,0.73
2026-01-03T23:24:15.000175Z,price_change,0.63,BUY,-364,0.71,0.73
2026-01-03T23:24:15.000175Z,price_change,0.49,BUY,-364,0.71,0.73
2026-01-03T23:24:15.000175Z,price_change,0.84,SELL,-364,0.71,0.73
2026-01-03T23:24:15.299479Z,price_change,0.73,SELL,-25,0.71,0.73
2026-01-03T23:24:29.069815Z,price_change,0.63,BUY,364,0.71,0.73
2026-01-03T23:24:29.07069Z,price_change,0.49,BUY,364,0.71,0.73
2026-01-03T23:24:29.071437Z,price_change,0.76,SELL,364,0.71,0.73
2026-01-03T23:24:29.07234Z,price_change,0.84,SELL,364,0.71,0.73
2026-01-03T23:24:31.000407Z,price_change,0.8,SELL,-389,0.71,0.73
2026-01-03T23:24:31.000407Z,price_change,0.56,BUY,-367,0.71,0.73
2026-01-03T23:24:31.000407Z,price_change,0.41,BUY,-7044,0.71,0.73
2026-01-03T23:24:31.000407Z,price_change,0.51,BUY,-999,0.71,0.73
2026-01-03T23:24:31.000407Z,price_change,0.61,BUY,-389,0.71,0.73
2026-01-03T23:24:31.000407Z,price_change,0.9,SELL,-999,0.71,0.73
2026-01-03T23:24:31.000407Z,price_change,0.85,SELL,-367,0.71,0.73
2026-01-03T23:24:32.00054Z,price_change,0.76,SELL,-364,0.71,0.73
2026-01-03T23:24:32.00054Z,price_change,0.49,BUY,-364,0.71,0.73
2026-01-03T23:24:32.00054Z,price_change,0.63,BUY,-364,0.71,0.73
2026-01-03T23:24:32.00054Z,price_change,0.84,SELL,-364,0.71,0.73
2026-01-03T23:24:40.559264Z,price_change,0.71,BUY,-2300,0.71,0.73
2026-01-03T23:24:40.559264Z,price_change,0.7,BUY,1000,0.71,0.73
2026-01-03T23:24:44.421896Z,price_change,0.73,SELL,-26,0.71,0.73
2026-01-03T23:24:45.428023Z,price_change,0.63,BUY,364,0.71,0.73
2026-01-03T23:24:45.428955Z,price_change,0.49,BUY,364,0.71,0.73
2026-01-03T23:24:45.430107Z,price_change,0.76,SELL,364,0.71,0.73
2026-01-03T23:24:45.430925Z,price_change,0.84,SELL,364,0.71,0.73
2026-01-03T23:24:47.676806Z,price_change,0.71,BUY,-10000,0.71,0.73
2026-01-03T23:24:47.678804Z,price_change,0.71,BUY,-10000,0.71,0.73
2026-01-03T23:24:48.000033Z,price_change,0.49,BUY,-364,0.71,0.73
2026-01-03T23:24:48.000033Z,price_change,0.76,SELL,-364,0.71,0.73
2026-01-03T23:24:48.000033Z,price_change,0.84,SELL,-364,0.71,0.73
2026-01-03T23:24:48.000033Z,price_change,0.63,BUY,-364,0.71,0.73
2026-01-03T23:24:52.190172Z,price_change,0.7,BUY,-1000,0.71,0.73
2026-01-03T23:24:52.190172Z,price_change,0.71,BUY,1000,0.71,0.73
2026-01-03T23:24:52.63247Z,price_change,0.68,BUY,-1188,0.71,0.73
2026-01-03T23:24:55.02814Z,price_change,0.68,BUY,1188,0.71,0.73
2026-01-03T23:24:55.667739Z,price_change,0.73,SELL,-1000,0.71,0.73
2026-01-03T23:24:55.916244Z,price_change,0.73,SELL,-132,0.71,0.73
2026-01-03T23:24:56.652149Z,price_change,0.73,SELL,11186,0.71,0.73
2026-01-03T23:25:00.000874Z,price_change,0.71,BUY,-20000,0.71,0.73
2026-01-03T23:25:00.000874Z,price_change,0.73,SELL,-20000,0.71,0.73
2026-01-03T23:25:01.766153Z,price_change,0.63,BUY,364,0.71,0.73
2026-01-03T23:25:01.767107Z,price_change,0.49,BUY,364,0.71,0.73
2026-01-03T23:25:01.768043Z,price_change,0.76,SELL,364,0.71,0.73
2026-01-03T23:25:01.769067Z,price_change,0.84,SELL,364,0.71,0.73
2026-01-03T23:25:02.368679Z,price_change,0.73,SELL,-4,0.71,0.73
2026-01-03T23:25:02.881262Z,price_change,0.71,BUY,-100,0.71,0.73
2026-01-03T23:25:02.881262Z,price_change,0.7,BUY,100,0.71,0.73
2026-01-03T23:25:04.00085Z,price_change,0.84,SELL,-364,0.71,0.73
2026-01-03T23:25:04.00085Z,price_change,0.63,BUY,-364,0.71,0.73
2026-01-03T23:25:04.00085Z,price_change,0.76,SELL,-364,0.71,0.73
2026-01-03T23:25:04.00085Z,price_change,0.49,BUY,-364,0.71,0.73
2026-01-03T23:25:07.000383Z,price_change,0.23,BUY,-1,0.71,0.73
2026-01-03T23:25:08.296708Z,price_change,0.71,BUY,-12,0.71,0.73
2026-01-03T23:25:10.559858Z,price_change,0.75,SELL,-11186,0.71,0.73
2026-01-03T23:25:10.561014Z,price_change,0.71,BUY,-11186,0.71,0.73
2026-01-03T23:25:10.565179Z,price_change,0.7,BUY,-11186,0.71,0.73
2026-01-03T23:25:10.567594Z,price_change,0.4,BUY,-21513,0.71,0.73
2026-01-03T23:25:10.568234Z,price_change,0.7,BUY,-860,0.71,0.73
2026-01-03T23:25:10.569662Z,price_change,0.74,SELL,-860,0.71,0.73
2026-01-03T23:25:10.569705Z,price_change,0.74,SELL,-11186,0.71,0.73
2026-01-03T23:25:10.573916Z,price_change,0.75,SELL,-1290,0.71,0.73
2026-01-03T23:25:10.688653Z,price_change,0.71,BUY,-860,0.71,0.73
2026-01-03T23:25:10.689268Z,price_change,0.47,BUY,-3442,0.71,0.73
2026-01-03T23:25:10.689312Z,price_change,0.96,SELL,-3442,0.71,0.73
2026-01-03T23:25:10.690727Z,price_change,0.69,BUY,-1290,0.71,0.73
2026-01-03T23:25:10.70642Z,price_change,0.43,BUY,-335,0.71,0.73
2026-01-03T23:25:10.70908Z,price_change,0.48,BUY,336,0.71,0.73
2026-01-03T23:25:10.728277Z,price_change,0.73,SELL,-860,0.71,0.73
2026-01-03T23:25:12.457264Z,price_change,0.71,BUY,-7903,0.71,0.73
2026-01-03T23:25:12.460816Z,price_change,0.73,SELL,-11186,0.71,0.73
2026-01-03T23:25:12.464446Z,price_change,0.73,SELL,-11186,0.71,0.73
2026-01-03T23:25:12.466283Z,price_change,0.75,SELL,-11186,0.71,0.73
2026-01-03T23:25:13.896583Z,price_change,0.76,SELL,302,0.71,0.73
2026-01-03T23:25:13.896871Z,price_change,0.73,SELL,2624,0.71,0.73
2026-01-03T23:25:13.896962Z,price_change,0.7,BUY,2624,0.71,0.73
2026-01-03T23:25:13.896992Z,price_change,0.75,SELL,2624,0.71,0.73
2026-01-03T23:25:13.897459Z,price_change,0.73,SELL,2624,0.71,0.73
2026-01-03T23:25:13.89785Z,price_change,0.38,BUY,807,0.71,0.73
2026-01-03T23:25:13.898087Z,price_change,0.74,SELL,2624,0.71,0.73
2026-01-03T23:25:13.898396Z,price_change,0.68,BUY,302,0.71,0.73
2026-01-03T23:25:13.898519Z,price_change,0.71,BUY,2624,0.71,0.73
2026-01-03T23:25:13.899224Z,price_change,0.71,BUY,201,0.71,0.73
2026-01-03T23:25:13.899349Z,price_change,0.73,SELL,201,0.71,0.73
2026-01-03T23:25:13.899536Z,price_change,0.74,SELL,201,0.71,0.73
2026-01-03T23:25:13.899619Z,price_change,0.74,SELL,2624,0.71,0.73
2026-01-03T23:25:13.900617Z,price_change,0.26,BUY,5046,0.71,0.73
2026-01-03T23:25:13.903403Z,price_change,0.73,SELL,2624,0.71,0.73
2026-01-03T23:25:13.903467Z,price_change,0.7,BUY,201,0.71,0.73
2026-01-03T23:25:13.921387Z,price_change,0.7,BUY,-100,0.71,0.73
2026-01-03T23:25:13.921387Z,price_change,0.71,BUY,100,0.71,0.73
2026-01-03T23:25:14.522253Z,price_change,0.96,SELL,2857,0.71,0.73
2026-01-03T23:25:14.770677Z,price_change,0.68,BUY,-302,0.71,0.73
2026-01-03T23:25:14.771167Z,price_change,0.38,BUY,-807,0.71,0.73
2026-01-03T23:25:14.773737Z,price_change,0.76,SELL,-302,0.71,0.73
2026-01-03T23:25:14.780512Z,price_change,0.26,BUY,-5046,0.71,0.73
2026-01-03T23:25:14.782482Z,price_change,0.73,SELL,-2624,0.71,0.73
2026-01-03T23:25:14.972043Z,price_change,0.39,BUY,17859,0.71,0.73
2026-01-03T23:25:14.972168Z,price_change,0.48,BUY,2857,0.71,0.73
2026-01-03T23:25:14.972372Z,price_change,0.75,SELL,1071,0.71,0.73
2026-01-03T23:25:14.973695Z,price_change,0.69,BUY,1071,0.71,0.73
2026-01-03T23:25:16.181501Z,price_change,0.71,BUY,-152,0.71,0.73
2026-01-03T23:25:17.16519Z,price_change,0.67,BUY,-2884,0.71,0.73
2026-01-03T23:25:17.166807Z,price_change,0.75,SELL,-6405,0.71,0.73
2026-01-03T23:25:17.168361Z,price_change,0.66,BUY,-975,0.71,0.73
2026-01-03T23:25:17.169937Z,price_change,0.76,SELL,-2223,0.71,0.73
2026-01-03T23:25:17.307183Z,price_change,0.66,BUY,3158,0.71,0.73
2026-01-03T23:25:17.507646Z,price_change,0.75,SELL,-12000,0.71,0.73
2026-01-03T23:25:17.517851Z,price_change,0.7,BUY,4286,0.71,0.73
2026-01-03T23:25:17.520508Z,price_change,0.76,SELL,12000,0.71,0.73
2026-01-03T23:25:17.539338Z,price_change,0.69,BUY,-4348,0.71,0.73
2026-01-03T23:25:17.816037Z,price_change,0.39,BUY,-17859,0.71,0.73
2026-01-03T23:25:17.81989Z,price_change,0.74,SELL,-2624,0.71,0.73
2026-01-03T23:25:17.851032Z,price_change,0.4,BUY,21234,0.71,0.73
2026-01-03T23:25:18.076558Z,price_change,0.63,BUY,364,0.71,0.73
2026-01-03T23:25:18.077647Z,price_change,0.49,BUY,364,0.71,0.73
2026-01-03T23:25:18.078603Z,price_change,0.76,SELL,364,0.71,0.73
2026-01-03T23:25:18.079476Z,price_change,0.84,SELL,364,0.71,0.73
2026-01-03T23:25:18.997076Z,price_change,0.68,BUY,-1188,0.71,0.73
2026-01-03T23:25:19.282757Z,price_change,0.68,BUY,1141,0.71,0.73
2026-01-03T23:25:20.243374Z,price_change,0.75,SELL,11159,0.71,0.73
2026-01-03T23:25:20.247932Z,price_change,0.71,BUY,11159,0.71,0.73
2026-01-03T23:25:20.446661Z,price_change,0.73,SELL,-134,0.71,0.73
2026-01-03T23:25:20.805317Z,price_change,0.73,SELL,-13,0.71,0.73
2026-01-03T23:25:21.003271Z,price_change,0.76,SELL,-364,0.71,0.73
2026-01-03T23:25:21.003271Z,price_change,0.84,SELL,-364,0.71,0.73
2026-01-03T23:25:21.003271Z,price_change,0.63,BUY,-364,0.71,0.73
2026-01-03T23:25:21.003271Z,price_change,0.49,BUY,-364,0.71,0.73
2026-01-03T23:25:21.759305Z,price_change,0.68,BUY,-1141,0.71,0.73
2026-01-03T23:25:21.768993Z,price_change,0.74,SELL,-300,0.71,0.73
2026-01-03T23:25:21.769851Z,price_change,0.68,BUY,-125,0.71,0.73
2026-01-03T23:25:21.828504Z,price_change,0.69,BUY,125,0.71,0.73
2026-01-03T23:25:21.828787Z,price_change,0.75,SELL,300,0.71,0.73
2026-01-03T23:25:22.008529Z,price_change,0.73,SELL,-200,0.71,0.73
2026-01-03T23:25:22.011978Z,price_change,0.69,BUY,-200,0.71,0.73
2026-01-03T23:25:22.039533Z,price_change,0.74,SELL,200,0.71,0.73
2026-01-03T23:25:22.04168Z,price_change,0.7,BUY,200,0.71,0.73
2026-01-03T23:25:25.64108Z,price_change,0.75,SELL,-300,0.71,0.73
2026-01-03T23:25:25.642279Z,price_change,0.69,BUY,-125,0.71,0.73
2026-01-03T23:25:25.760544Z,price_change,0.74,SELL,-200,0.71,0.73
2026-01-03T23:25:25.760625Z,price_change,0.7,BUY,-200,0.71,0.73
2026-01-03T23:25:26.109444Z,price_change,0.76,SELL,-2000,0.71,0.73
2026-01-03T23:25:26.355493Z,price_change,0.76,SELL,500,0.71,0.73
2026-01-03T23:25:27.324482Z,price_change,0.68,BUY,1141,0.71,0.73
2026-01-03T23:25:28.452513Z,price_change,0.66,BUY,-3158,0.71,0.73
2026-01-03T23:25:30.400658Z,price_change,0.76,SELL,-12000,0.71,0.73
2026-01-03T23:25:30.406277Z,price_change,0.75,SELL,12000,0.71,0.73
2026-01-03T23:25:30.607039Z,price_change,0.7,BUY,200,0.71,0.73
2026-01-03T23:25:30.607629Z,price_change,0.73,SELL,200,0.71,0.73
2026-01-03T23:25:30.676806Z,price_change,0.69,BUY,125,0.71,0.73
2026-01-03T23:25:30.707563Z,price_change,0.74,SELL,300,0.71,0.73
2026-01-03T23:25:31.061927Z,price_change,0.73,SELL,-14368,0.71,0.73
2026-01-03T23:25:31.063043Z,price_change,0.73,SELL,-25000,0.71,0.73
2026-01-03T23:25:31.23728Z,price_change,0.73,SELL,-2624,0.71,0.73
2026-01-03T23:25:31.918711Z,price_change,0.76,SELL,-500,0.71,0.73
2026-01-03T23:25:31.953347Z,price_change,0.71,BUY,-100,0.71,0.73
2026-01-03T23:25:31.953347Z,price_change,0.7,BUY,100,0.71,0.73
2026-01-03T23:25:31.979055Z,price_change,0.75,SELL,-100,0.71,0.73
2026-01-03T23:25:31.979055Z,price_change,0.74,SELL,100,0.71,0.73
2026-01-03T23:25:33.968801Z,price_change,0.4,BUY,-21234,0.71,0.73
2026-01-03T23:25:33.969612Z,price_change,0.48,BUY,-2857,0.71,0.73
2026-01-03T23:25:33.969709Z,price_change,0.69,BUY,-1071,0.71,0.73
2026-01-03T23:25:33.975882Z,price_change,0.71,BUY,-201,0.71,0.73
2026-01-03T23:25:33.976834Z,price_change,0.7,BUY,-201,0.71,0.73
2026-01-03T23:25:33.977725Z,price_change,0.71,BUY,-2624,0.71,0.73
2026-01-03T23:25:33.978251Z,price_change,0.75,SELL,-11159,0.71,0.73
2026-01-03T23:25:33.978372Z,price_change,0.75,SELL,-2624,0.71,0.73
2026-01-03T23:25:33.980384Z,price_change,0.71,BUY,-11159,0.71,0.73
2026-01-03T23:25:33.98049Z,price_change,0.74,SELL,-201,0.71,0.73
2026-01-03T23:25:33.981819Z,price_change,0.73,SELL,-2624,0.71,0.73
2026-01-03T23:25:33.982429Z,price_change,0.74,SELL,-2624,0.71,0.73
2026-01-03T23:25:33.983269Z,price_change,0.7,BUY,-2624,0.71,0.73
2026-01-03T23:25:33.986451Z,price_change,0.96,SELL,-2857,0.71,0.73
2026-01-03T23:25:34.000142Z,price_change,0.73,SELL,-201,0.71,0.73
2026-01-03T23:25:34.010003Z,price_change,0.75,SELL,-1071,0.71,0.73
2026-01-03T23:25:34.025975Z,price_change,0.73,SELL,-13,0.71,0.73
2026-01-03T23:25:34.084851Z,price_change,0.95,SELL,346,0.71,0.73
2026-01-03T23:25:34.085731Z,price_change,0.97,SELL,346,0.71,0.73
2026-01-03T23:25:34.085806Z,price_change,0.95,SELL,346,0.71,0.73
2026-01-03T23:25:34.086172Z,price_change,0.49,BUY,346,0.71,0.73
2026-01-03T23:25:34.086302Z,price_change,0.95,SELL,346,0.71,0.73
2026-01-03T23:25:34.086479Z,price_change,0.26,BUY,26,0.71,0.73
2026-01-03T23:25:34.08677Z,price_change,0.96,SELL,346,0.71,0.73
2026-01-03T23:25:34.086899Z,price_change,0.48,BUY,346,0.71,0.73
2026-01-03T23:25:34.092015Z,price_change,0.96,SELL,346,0.71,0.73
2026-01-03T23:25:34.449634Z,price_change,0.63,BUY,364,0.71,0.73
2026-01-03T23:25:34.450656Z,price_change,0.49,BUY,364,0.71,0.73
2026-01-03T23:25:34.451607Z,price_change,0.76,SELL,364,0.71,0.73
2026-01-03T23:25:34.454241Z,price_change,0.84,SELL,364,0.71,0.73
2026-01-03T23:25:35.085288Z,price_change,0.95,SELL,-346,0.71,0.73
2026-01-03T23:25:35.085948Z,price_change,0.95,SELL,-346,0.71,0.73
2026-01-03T23:25:35.086101Z,price_change,0.73,SELL,232,0.71,0.73
2026-01-03T23:25:35.086342Z,price_change,0.69,BUY,348,0.71,0.73
2026-01-03T23:25:35.086552Z,price_change,0.26,BUY,-26,0.71,0.73
2026-01-03T23:25:35.086676Z,price_change,0.48,BUY,-346,0.71,0.73
2026-01-03T23:25:35.086954Z,price_change,0.74,SELL,232,0.71,0.73
2026-01-03T23:25:35.087286Z,price_change,0.76,SELL,348,0.71,0.73
2026-01-03T23:25:35.087331Z,price_change,0.35,BUY,5803,0.71,0.73
2026-01-03T23:25:35.087486Z,price_change,0.49,BUY,-346,0.71,0.73
2026-01-03T23:25:35.087568Z,price_change,0.7,BUY,232,0.71,0.73
2026-01-03T23:25:35.087629Z,price_change,0.96,SELL,-346,0.71,0.73
2026-01-03T23:25:35.088161Z,price_change,0.95,SELL,-346,0.71,0.73
2026-01-03T23:25:35.088684Z,price_change,0.97,SELL,-346,0.71,0.73
2026-01-03T23:25:35.089142Z,price_change,0.96,SELL,-346,0.71,0.73
2026-01-03T23:25:35.091298Z,price_change,0.45,BUY,928,0.71,0.73
2026-01-03T23:25:35.179128Z,price_change,0.7,BUY,3017,0.71,0.73
2026-01-03T23:25:35.180146Z,price_change,0.73,SELL,3017,0.71,0.73
2026-01-03T23:25:35.180195Z,price_change,0.71,BUY,3017,0.71,0.73
2026-01-03T23:25:35.18025Z,price_change,0.75,SELL,3017,0.71,0.73
2026-01-03T23:25:35.180574Z,price_change,0.73,SELL,3017,0.71,0.73
2026-01-03T23:25:35.180863Z,price_change,0.73,SELL,3017,0.71,0.73
2026-01-03T23:25:35.181897Z,price_change,0.74,SELL,3017,0.71,0.73
2026-01-03T23:25:35.182005Z,price_change,0.74,SELL,3017,0.71,0.73
2026-01-03T23:25:35.182634Z,price_change,0.71,BUY,232,0.71,0.73
2026-01-03T23:25:35.506526Z,price_change,0.45,BUY,-928,0.71,0.73
2026-01-03T23:25:35.506776Z,price_change,0.76,SELL,-348,0.71,0.73
2026-01-03T23:25:35.507031Z,price_change,0.74,SELL,-232,0.71,0.73
2026-01-03T23:25:35.507602Z,price_change,0.69,BUY,-348,0.71,0.73
2026-01-03T23:25:35.50765Z,price_change,0.75,SELL,-3017,0.71,0.73
2026-01-03T23:25:35.508098Z,price_change,0.73,SELL,-3017,0.71,0.73
2026-01-03T23:25:35.508108Z,price_change,0.73,SELL,-232,0.71,0.73
2026-01-03T23:25:35.508623Z,price_change,0.73,SELL,-3017,0.71,0.73
2026-01-03T23:25:35.509115Z,price_change,0.74,SELL,-3017,0.71,0.73
2026-01-03T23:25:35.509393Z,price_change,0.74,SELL,-3017,0.71,0.73
2026-01-03T23:25:35.509623Z,price_change,0.7,BUY,-3017,0.71,0.73
2026-01-03T23:25:35.509919Z,price_change,0.71,BUY,-232,0.71,0.73
2026-01-03T23:25:35.509968Z,price_change,0.7,BUY,-232,0.71,0.73
2026-01-03T23:25:35.510541Z,price_change,0.71,BUY,-3017,0.71,0.73
2026-01-03T23:25:35.511307Z,price_change,0.73,SELL,-3017,0.71,0.73
2026-01-03T23:25:35.513042Z,price_change,0.35,BUY,-5803,0.71,0.73
2026-01-03T23:25:35.596748Z,price_change,0.96,SELL,331,0.71,0.73
2026-01-03T23:25:35.597995Z,price_change,0.97,SELL,331,0.71,0.73
2026-01-03T23:25:35.598023Z,price_change,0.47,BUY,331,0.71,0.73
2026-01-03T23:25:35.599551Z,price_change,0.96,SELL,331,0.71,0.73
2026-01-03T23:25:35.600154Z,price_change,0.48,BUY,331,0.71,0.73
2026-01-03T23:25:35.600213Z,price_change,0.97,SELL,331,0.71,0.73
2026-01-03T23:25:35.600278Z,price_change,0.25,BUY,25,0.71,0.73
2026-01-03T23:25:35.600336Z,price_change,0.98,SELL,331,0.71,0.73
2026-01-03T23:25:35.600348Z,price_change,0.96,SELL,331,0.71,0.73
2026-01-03T23:25:35.775362Z,price_change,0.98,SELL,-331,0.71,0.73
2026-01-03T23:25:35.775601Z,price_change,0.96,SELL,-331,0.71,0.73
2026-01-03T23:25:35.775658Z,price_change,0.25,BUY,-25,0.71,0.73
2026-01-03T23:25:35.775689Z,price_change,0.96,SELL,-331,0.71,0.73
2026-01-03T23:25:35.776033Z,price_change,0.97,SELL,-331,0.71,0.73
2026-01-03T23:25:35.776071Z,price_change,0.47,BUY,-331,0.71,0.73
2026-01-03T23:25:35.777223Z,price_change,0.48,BUY,-331,0.71,0.73
2026-01-03T23:25:35.777723Z,price_change,0.96,SELL,-331,0.71,0.73
2026-01-03T23:25:35.780398Z,price_change,0.97,SELL,-331,0.71,0.73
2026-01-03T23:25:35.822001Z,price_change,0.04,BUY,25,0.71,0.73
2026-01-03T23:25:35.822476Z,price_change,0.38,BUY,331,0.71,0.73
2026-01-03T23:25:35.823048Z,price_change,0.37,BUY,331,0.71,0.73
2026-01-03T23:25:35.865684Z,price_change,0.69,BUY,1142,0.71,0.73
2026-01-03T23:25:36.049973Z,price_change,0.73,SELL,-1176,0.71,0.73
2026-01-03T23:25:36.053944Z,price_change,0.74,SELL,-300,0.71,0.73
2026-01-03T23:25:36.055307Z,price_change,0.69,BUY,-125,0.71,0.73
2026-01-03T23:25:36.102Z,price_change,0.73,SELL,-200,0.71,0.73
2026-01-03T23:25:36.103641Z,price_change,0.7,BUY,-200,0.71,0.73
2026-01-03T23:25:36.181524Z,price_change,0.68,BUY,-1141,0.71,0.73
2026-01-03T23:25:36.205486Z,price_change,0.73,SELL,-15000,0.71,0.73
2026-01-03T23:25:36.279619Z,price_change,0.74,SELL,15000,0.71,0.73
2026-01-03T23:25:36.403937Z,price_change,0.74,SELL,1142,0.71,0.73
2026-01-03T23:25:36.631979Z,price_change,0.84,SELL,225,0.71,0.73
2026-01-03T23:25:36.633905Z,price_change,0.76,SELL,1956,0.71,0.73
2026-01-03T23:25:36.634212Z,price_change,0.75,SELL,1956,0.71,0.73
2026-01-03T23:25:36.634424Z,price_change,0.37,BUY,-331,0.71,0.73
2026-01-03T23:25:36.634754Z,price_change,0.87,SELL,150,0.71,0.73
2026-01-03T23:25:36.634965Z,price_change,0.76,SELL,150,0.71,0.73
2026-01-03T23:25:36.63527Z,price_change,0.38,BUY,150,0.71,0.73
2026-01-03T23:25:36.635497Z,price_change,0.04,BUY,-25,0.71,0.73
2026-01-03T23:25:36.635676Z,price_change,0.75,SELL,1956,0.71,0.73
2026-01-03T23:25:36.635957Z,price_change,0.56,BUY,225,0.71,0.73
2026-01-03T23:25:36.636515Z,price_change,0.74,SELL,1956,0.71,0.73
2026-01-03T23:25:36.63654Z,price_change,0.38,BUY,-331,0.71,0.73
2026-01-03T23:25:36.674845Z,price_change,0.69,BUY,1956,0.71,0.73
2026-01-03T23:25:36.676092Z,price_change,0.7,BUY,1956,0.71,0.73
2026-01-03T23:25:36.677833Z,price_change,0.69,BUY,150,0.71,0.73
2026-01-03T23:25:36.792077Z,price_change,0.76,SELL,-150,0.71,0.73
2026-01-03T23:25:36.792378Z,price_change,0.76,SELL,-1956,0.71,0.73
2026-01-03T23:25:36.79238Z,price_change,0.74,SELL,-1956,0.71,0.73
2026-01-03T23:25:36.792421Z,price_change,0.56,BUY,-225,0.71,0.73
2026-01-03T23:25:36.792503Z,price_change,0.69,BUY,-150,0.71,0.73
2026-01-03T23:25:36.793261Z,price_change,0.75,SELL,-1956,0.71,0.73
2026-01-03T23:25:36.793339Z,price_change,0.69,BUY,-1956,0.71,0.73
2026-01-03T23:25:36.793642Z,price_change,0.84,SELL,-225,0.71,0.73
2026-01-03T23:25:36.793676Z,price_change,0.38,BUY,-150,0.71,0.73
2026-01-03T23:25:36.794111Z,price_change,0.75,SELL,-1956,0.71,0.73
2026-01-03T23:25:36.794886Z,price_change,0.7,BUY,-1956,0.71,0.73
2026-01-03T23:25:36.830057Z,price_change,0.87,SELL,225,0.71,0.73
2026-01-03T23:25:36.830086Z,price_change,0.84,SELL,1956,0.71,0.73
2026-01-03T23:25:36.830288Z,price_change,0.83,SELL,1956,0.71,0.73
2026-01-03T23:25:36.830321Z,price_change,0.8200000000000001,SELL,1956,0.71,0.73
2026-01-03T23:25:36.830661Z,price_change,0.72,BUY,150,0.72,0.73
2026-01-03T23:25:36.831091Z,price_change,0.64,BUY,225,0.72,0.73
2026-01-03T23:25:36.832013Z,price_change,0.69,BUY,150,0.72,0.73
2026-01-03T23:25:36.832026Z,price_change,0.72,BUY,1956,0.72,0.73
2026-01-03T23:25:36.83253Z,price_change,0.71,BUY,1956,0.72,0.73
2026-01-03T23:25:36.832615Z,price_change,0.8200000000000001,SELL,1956,0.72,0.73
2026-01-03T23:25:36.832637Z,price_change,0.83,SELL,150,0.72,0.73
2026-01-03T23:25:36.832643Z,price_change,0.8200000000000001,SELL,1956,0.72,0.73
2026-01-03T23:25:36.832806Z,price_change,0.83,SELL,1956,0.72,0.73
2026-01-03T23:25:36.863166Z,price_change,0.8200000000000001,SELL,-1956,0.72,0.73
2026-01-03T23:25:36.863444Z,price_change,0.87,SELL,-225,0.72,0.73
2026-01-03T23:25:36.864143Z,price_change,0.69,BUY,-150,0.72,0.73
2026-01-03T23:25:36.864339Z,price_change,0.83,SELL,-1956,0.72,0.73
2026-01-03T23:25:36.864529Z,price_change,0.8200000000000001,SELL,-1956,0.72,0.73
2026-01-03T23:25:36.864741Z,price_change,0.84,SELL,-1956,0.72,0.73
2026-01-03T23:25:36.865029Z,price_change,0.49,BUY,1081,0.72,0.73
2026-01-03T23:25:36.865752Z,price_change,0.83,SELL,-1956,0.72,0.73
2026-01-03T23:25:36.866584Z,price_change,0.8200000000000001,SELL,-1956,0.72,0.73
2026-01-03T23:25:36.867106Z,price_change,0.64,BUY,-225,0.72,0.73
2026-01-03T23:25:36.867483Z,price_change,0.4,BUY,6760,0.72,0.73
2026-01-03T23:25:36.896876Z,price_change,0.77,SELL,3515,0.72,0.73
2026-01-03T23:25:36.898911Z,price_change,0.83,SELL,405,0.72,0.73
2026-01-03T23:25:36.899012Z,price_change,0.72,BUY,405,0.72,0.73
2026-01-03T23:25:36.899025Z,price_change,0.76,SELL,3515,0.72,0.73
2026-01-03T23:25:36.899987Z,price_change,0.77,SELL,3515,0.72,0.73
2026-01-03T23:25:36.900568Z,price_change,0.78,SELL,3515,0.72,0.73
2026-01-03T23:25:36.901746Z,price_change,0.72,BUY,270,0.72,0.73
2026-01-03T23:25:36.930657Z,price_change,0.73,SELL,-1,0.72,0.73
2026-01-03T23:25:36.930657Z,price_change,0.74,SELL,1,0.72,0.73
2026-01-03T23:25:36.941984Z,price_change,0.76,SELL,3515,0.72,0.73
2026-01-03T23:25:37.000034Z,price_change,0.49,BUY,-364,0.72,0.73
2026-01-03T23:25:37.000034Z,price_change,0.63,BUY,-364,0.72,0.73
2026-01-03T23:25:37.000034Z,price_change,0.76,SELL,-364,0.72,0.73
2026-01-03T23:25:37.000034Z,price_change,0.84,SELL,-364,0.72,0.73
2026-01-03T23:25:37.045443Z,price_change,0.83,SELL,-405,0.72,0.73
2026-01-03T23:25:37.046201Z,price_change,0.83,SELL,-150,0.72,0.73
2026-01-03T23:25:37.078371Z,price_change,0.76,SELL,3515,0.72,0.73
2026-01-03T23:25:37.080361Z,price_change,0.76,SELL,270,0.72,0.73
2026-01-03T23:25:37.081378Z,price_change,0.84,SELL,405,0.72,0.73
2026-01-03T23:25:37.927656Z,price_change,0.68,BUY,-2000,0.72,0.73
2026-01-03T23:25:37.960781Z,price_change,0.4,BUY,-6760,0.72,0.73
2026-01-03T23:25:37.961181Z,price_change,0.72,BUY,-405,0.72,0.73
2026-01-03T23:25:37.96214Z,price_change,0.49,BUY,-1081,0.72,0.73
2026-01-03T23:25:37.962247Z,price_change,0.76,SELL,-3515,0.72,0.73
2026-01-03T23:25:37.962605Z,price_change,0.77,SELL,-3515,0.72,0.73
2026-01-03T23:25:37.962668Z,price_change,0.78,SELL,-3515,0.72,0.73
2026-01-03T23:25:37.994933Z,price_change,0.71,BUY,405,0.72,0.73
2026-01-03T23:25:37.995367Z,price_change,0.48,BUY,1081,0.72,0.73
2026-01-03T23:25:37.995984Z,price_change,0.75,SELL,3515,0.72,0.73
2026-01-03T23:25:37.996994Z,price_change,0.39,BUY,6760,0.72,0.73
2026-01-03T23:25:38.004758Z,price_change,0.69,BUY,3451,0.72,0.73
2026-01-03T23:25:38.068377Z,price_change,0.73,SELL,-1,0.72,0.73
2026-01-03T23:25:38.068377Z,price_change,0.73,SELL,-4,0.72,0.73
2026-01-03T23:25:38.312463Z,price_change,0.75,SELL,3515,0.72,0.73
2026-01-03T23:25:38.564012Z,price_change,0.7,BUY,-4286,0.72,0.73
2026-01-03T23:25:38.58535Z,price_change,0.75,SELL,-12000,0.72,0.73
2026-01-03T23:25:38.918145Z,price_change,0.74,SELL,1,0.72,0.73
2026-01-03T23:25:39.000069Z,price_change,0.76,SELL,-270,0.72,0.73
2026-01-03T23:25:39.00039Z,price_change,0.75,SELL,3515,0.72,0.73
2026-01-03T23:25:39.046119Z,price_change,0.75,SELL,270,0.72,0.73
2026-01-03T23:25:39.387968Z,price_change,0.72,BUY,10000,0.72,0.73
2026-01-03T23:25:39.435261Z,price_change,0.71,BUY,-1956,0.72,0.73
2026-01-03T23:25:39.438354Z,price_change,0.72,BUY,-150,0.72,0.73
2026-01-03T23:25:39.481436Z,price_change,0.73,SELL,-24,0.72,0.74
2026-01-03T23:25:39.481436Z,price_change,0.73,BUY,3491,0.73,0.74
2026-01-03T23:25:39.483005Z,price_change,0.73,BUY,270,0.73,0.74
2026-01-03T23:25:39.497812Z,price_change,0.71,BUY,-910,0.73,0.74
2026-01-03T23:25:39.49889Z,price_change,0.74,SELL,-590,0.73,0.74
2026-01-03T23:25:39.501996Z,price_change,0.88,SELL,-418,0.73,0.74
2026-01-03T23:25:39.504523Z,price_change,0.85,SELL,417,0.73,0.74
2026-01-03T23:25:39.505733Z,price_change,0.72,BUY,899,0.73,0.74
2026-01-03T23:25:39.511191Z,price_change,0.75,SELL,601,0.73,0.74
2026-01-03T23:25:39.538534Z,price_change,0.74,SELL,-1142,0.73,0.74
2026-01-03T23:25:39.582704Z,price_change,0.74,SELL,100,0.73,0.74
2026-01-03T23:25:39.604061Z,price_change,0.75,SELL,-5000,0.73,0.74
2026-01-03T23:25:39.604061Z,price_change,0.78,SELL,5000,0.73,0.74
2026-01-03T23:25:39.606022Z,price_change,0.75,SELL,-5000,0.73,0.74
2026-01-03T23:25:39.606022Z,price_change,0.78,SELL,5000,0.73,0.74
2026-01-03T23:25:39.653071Z,price_change,0.84,SELL,-405,0.73,0.74
2026-01-03T23:25:39.653857Z,price_change,0.87,SELL,-150,0.73,0.74
2026-01-03T23:25:39.693391Z,price_change,0.77,SELL,500,0.73,0.74
2026-01-03T23:25:39.707832Z,price_change,0.77,SELL,270,0.73,0.74
2026-01-03T23:25:39.708953Z,price_change,0.77,SELL,405,0.73,0.74
2026-01-03T23:25:39.734763Z,price_change,0.73,BUY,-2,0.73,0.74
2026-01-03T23:25:39.743921Z,price_change,0.74,SELL,100,0.73,0.74
2026-01-03T23:25:40.022928Z,price_change,0.7,BUY,-3433,0.73,0.74
2026-01-03T23:25:40.022928Z,price_change,0.73,BUY,5000,0.73,0.74
2026-01-03T23:25:40.025123Z,price_change,0.7,BUY,-5000,0.73,0.74
2026-01-03T23:25:40.025123Z,price_change,0.73,BUY,5000,0.73,0.74
2026-01-03T23:25:40.049062Z,price_change,0.74,SELL,-15000,0.73,0.74
2026-01-03T23:25:40.088348Z,price_change,0.75,SELL,15000,0.73,0.74
2026-01-03T23:25:40.160683Z,price_change,0.74,SELL,-100,0.73,0.74
2026-01-03T23:25:40.232041Z,price_change,0.74,SELL,-100,0.73,0.74
2026-01-03T23:25:40.261541Z,price_change,0.71,BUY,-4848,0.73,0.74
2026-01-03T23:25:40.477987Z,price_change,0.77,SELL,-500,0.73,0.74
2026-01-03T23:25:40.541067Z,price_change,0.73,BUY,5000,0.73,0.74
2026-01-03T23:25:40.567754Z,price_change,0.74,SELL,-1,0.73,0.74
2026-01-03T23:25:40.567754Z,price_change,0.75,SELL,1,0.73,0.74
2026-01-03T23:25:40.603888Z,price_change,0.74,SELL,-1,0.73,0.74
2026-01-03T23:25:40.603888Z,price_change,0.75,SELL,1,0.73,0.74
2026-01-03T23:25:41.016836Z,price_change,0.74,SELL,-100,0.73,0.74
2026-01-03T23:25:41.016836Z,price_change,0.76,SELL,100,0.73,0.74
2026-01-03T23:25:41.034734Z,price_change,0.86,SELL,-209,0.73,0.74
2026-01-03T23:25:41.040985Z,price_change,0.88,SELL,272,0.73,0.74
2026-01-03T23:25:41.063665Z,price_change,0.75,SELL,-3515,0.73,0.74
2026-01-03T23:25:41.064514Z,price_change,0.75,SELL,-270,0.73,0.74
2026-01-03T23:25:41.065934Z,price_change,0.77,SELL,-405,0.73,0.74
2026-01-03T23:25:41.109584Z,price_change,0.78,SELL,405,0.73,0.74
2026-01-03T23:25:41.112395Z,price_change,0.76,SELL,270,0.73,0.74
2026-01-03T23:25:41.486689Z,price_change,0.72,BUY,-899,0.73,0.74
2026-01-03T23:25:41.487892Z,price_change,0.75,SELL,-601,0.73,0.74
2026-01-03T23:25:41.503142Z,price_change,0.73,BUY,899,0.73,0.74
2026-01-03T23:25:41.504268Z,price_change,0.76,SELL,601,0.73,0.74
2026-01-03T23:25:41.51503Z,price_change,0.7,BUY,-100,0.73,0.74
2026-01-03T23:25:41.51503Z,price_change,0.72,BUY,100,0.73,0.74
2026-01-03T23:25:41.673258Z,price_change,0.77,SELL,2000,0.73,0.74
2026-01-03T23:25:41.723496Z,price_change,0.75,SELL,-3515,0.73,0.74
2026-01-03T23:25:41.725091Z,price_change,0.72,BUY,-270,0.73,0.74
2026-01-03T23:25:41.725808Z,price_change,0.77,SELL,-270,0.73,0.74
2026-01-03T23:25:41.757952Z,price_change,0.73,BUY,270,0.73,0.74
2026-01-03T23:25:41.759814Z,price_change,0.76,SELL,270,0.73,0.74
2026-01-03T23:25:42.328649Z,price_change,0.72,BUY,-10000,0.73,0.74
2026-01-03T23:25:42.842042Z,price_change,0.76,SELL,-270,0.73,0.74
2026-01-03T23:25:42.890902Z,price_change,0.77,SELL,270,0.73,0.74
2026-01-03T23:25:42.906497Z,price_change,0.73,BUY,-5000,0.73,0.74
2026-01-03T23:25:43.128142Z,price_change,0.77,SELL,-270,0.73,0.74
2026-01-03T23:25:43.209935Z,price_change,0.76,SELL,270,0.73,0.74
2026-01-03T23:25:43.234167Z,price_change,0.7,BUY,6969,0.73,0.74
2026-01-03T23:25:43.23689Z,price_change,0.81,SELL,6969,0.73,0.74
2026-01-03T23:25:43.302731Z,price_change,0.74,SELL,-5,0.73,0.74
2026-01-03T23:25:43.302731Z,price_change,0.75,SELL,5,0.73,0.74
2026-01-03T23:25:43.926157Z,price_change,0.71,BUY,1079,0.73,0.74
2026-01-03T23:25:43.959367Z,price_change,0.76,SELL,-100,0.73,0.74
2026-01-03T23:25:43.959367Z,price_change,0.77,SELL,100,0.73,0.74
2026-01-03T23:25:44.137487Z,price_change,0.69,BUY,-3451,0.73,0.74
2026-01-03T23:25:44.174539Z,price_change,0.72,BUY,-100,0.73,0.74
2026-01-03T23:25:44.174539Z,price_change,0.73,BUY,100,0.73,0.74
2026-01-03T23:25:44.199914Z,price_change,0.71,BUY,4690,0.73,0.74
2026-01-03T23:25:44.201082Z,price_change,0.8,SELL,4690,0.73,0.74
2026-01-03T23:25:44.22396Z,price_change,0.66,BUY,3158,0.73,0.74
2026-01-03T23:25:44.326761Z,price_change,0.69,BUY,-1142,0.73,0.74
2026-01-03T23:25:44.429583Z,price_change,0.75,SELL,1079,0.73,0.74
2026-01-03T23:25:44.648513Z,price_change,0.73,BUY,-270,0.73,0.74
2026-01-03T23:25:44.650011Z,price_change,0.78,SELL,-405,0.73,0.74
2026-01-03T23:25:44.650111Z,price_change,0.77,SELL,-3515,0.73,0.74
2026-01-03T23:25:44.650429Z,price_change,0.71,BUY,-405,0.73,0.74
2026-01-03T23:25:44.650811Z,price_change,0.73,BUY,-3489,0.73,0.74
2026-01-03T23:25:44.651251Z,price_change,0.48,BUY,-1081,0.73,0.74
2026-01-03T23:25:44.651541Z,price_change,0.76,SELL,-270,0.73,0.74
2026-01-03T23:25:44.651916Z,price_change,0.76,SELL,-270,0.73,0.74
2026-01-03T23:25:44.652684Z,price_change,0.39,BUY,-6760,0.73,0.74
2026-01-03T23:25:44.653242Z,price_change,0.72,BUY,-1956,0.73,0.74
2026-01-03T23:25:44.653411Z,price_change,0.98,SELL,1081,0.73,0.74
2026-01-03T23:25:44.653557Z,price_change,0.73,BUY,-270,0.73,0.74
2026-01-03T23:25:44.653905Z,price_change,0.76,SELL,-3515,0.73,0.74
2026-01-03T23:25:44.702213Z,price_change,0.68,BUY,405,0.73,0.74
2026-01-03T23:25:44.70239Z,price_change,0.75,SELL,405,0.73,0.74
2026-01-03T23:25:44.703371Z,price_change,0.7,BUY,270,0.73,0.74
2026-01-03T23:25:44.703482Z,price_change,0.74,SELL,270,0.73,0.74
2026-01-03T23:25:44.704103Z,price_change,0.36,BUY,6760,0.73,0.74
2026-01-03T23:25:44.704111Z,price_change,0.7,BUY,270,0.73,0.74
2026-01-03T23:25:44.704293Z,price_change,0.45,BUY,1081,0.73,0.74
2026-01-03T23:25:44.704335Z,price_change,0.71,BUY,3515,0.73,0.74
2026-01-03T23:25:44.704681Z,price_change,0.74,SELL,270,0.73,0.74
2026-01-03T23:25:44.705364Z,price_change,0.74,SELL,3515,0.73,0.74
2026-01-03T23:25:44.705459Z,price_change,0.7,BUY,3515,0.73,0.74
2026-01-03T23:25:44.706637Z,price_change,0.74,SELL,3515,0.73,0.74
2026-01-03T23:25:44.707169Z,price_change,0.74,SELL,3515,0.73,0.74
2026-01-03T23:25:44.708433Z,price_change,0.75,SELL,3515,0.73,0.74
2026-01-03T23:25:44.722804Z,price_change,0.73,BUY,-899,0.73,0.74
2026-01-03T23:25:44.724231Z,price_change,0.76,SELL,-601,0.73,0.74
2026-01-03T23:25:44.738924Z,price_change,0.72,BUY,899,0.73,0.74
2026-01-03T23:25:44.741297Z,price_change,0.75,SELL,601,0.73,0.74
2026-01-03T23:25:44.775729Z,price_change,0.75,SELL,-15000,0.73,0.74
2026-01-03T23:25:44.797981Z,price_change,0.74,SELL,15000,0.73,0.74
2026-01-03T23:25:44.816543Z,price_change,0.74,SELL,-270,0.73,0.74
2026-01-03T23:25:44.835138Z,price_change,0.68,BUY,-405,0.73,0.74
2026-01-03T23:25:44.84438Z,price_change,0.74,SELL,269,0.73,0.74
2026-01-03T23:25:44.892881Z,price_change,0.69,BUY,404,0.73,0.74
2026-01-03T23:25:44.942647Z,price_change,0.66,BUY,-3158,0.73,0.74
2026-01-03T23:25:44.965737Z,price_change,0.71,BUY,-1079,0.73,0.74
2026-01-03T23:25:45.017764Z,price_change,0.7,BUY,-270,0.73,0.74
2026-01-03T23:25:45.018747Z,price_change,0.65,BUY,3077,0.73,0.74
2026-01-03T23:25:45.053056Z,price_change,0.71,BUY,269,0.73,0.74
2026-01-03T23:25:45.066375Z,price_change,0.36,BUY,-6760,0.73,0.74
2026-01-03T23:25:45.073693Z,price_change,0.75,SELL,-1079,0.73,0.74
2026-01-03T23:25:45.102565Z,price_change,0.37,BUY,6747,0.73,0.74
2026-01-03T23:25:45.150892Z,price_change,0.45,BUY,-1081,0.73,0.74
2026-01-03T23:25:45.180661Z,price_change,0.46,BUY,1079,0.73,0.74
2026-01-03T23:25:45.387912Z,price_change,0.73,BUY,-5000,0.73,0.74
2026-01-03T23:25:45.387912Z,price_change,0.71,BUY,5000,0.73,0.74
2026-01-03T23:25:45.38992Z,price_change,0.73,BUY,-5000,0.73,0.74
2026-01-03T23:25:45.38992Z,price_change,0.71,BUY,5000,0.73,0.74
2026-01-03T23:25:45.430821Z,price_change,0.76,SELL,-3515,0.73,0.74
2026-01-03T23:25:45.434724Z,price_change,0.75,SELL,-3515,0.73,0.74
2026-01-03T23:25:45.4352Z,price_change,0.98,SELL,-1081,0.73,0.74
2026-01-03T23:25:45.436279Z,price_change,0.74,SELL,-3515,0.73,0.74
2026-01-03T23:25:45.472065Z,price_change,0.73,BUY,-100,0.72,0.74
2026-01-03T23:25:45.472065Z,price_change,0.73,SELL,3408,0.72,0.73
2026-01-03T23:25:45.47255Z,price_change,0.73,SELL,3508,0.72,0.73
2026-01-03T23:25:45.472917Z,price_change,0.99,SELL,1079,0.72,0.73
2026-01-03T23:25:45.474592Z,price_change,0.73,SELL,3508,0.72,0.73
2026-01-03T23:25:45.493484Z,price_change,0.87,SELL,-369,0.72,0.73
2026-01-03T23:25:45.496867Z,price_change,0.77,SELL,312,0.72,0.73
2026-01-03T23:25:45.507386Z,price_change,0.74,SELL,-15000,0.72,0.73
2026-01-03T23:25:45.525237Z,price_change,0.74,SELL,-270,0.72,0.73
2026-01-03T23:25:45.527075Z,price_change,0.73,SELL,15000,0.72,0.73
2026-01-03T23:25:45.540571Z,price_change,0.73,SELL,-3508,0.72,0.73
2026-01-03T23:25:45.542612Z,price_change,0.72,BUY,-899,0.71,0.73
2026-01-03T23:25:45.543856Z,price_change,0.75,SELL,-601,0.71,0.73
2026-01-03T23:25:45.544595Z,price_change,0.74,SELL,-269,0.71,0.73
2026-01-03T23:25:45.544698Z,price_change,0.73,SELL,-3408,0.71,0.73
2026-01-03T23:25:45.545216Z,price_change,0.73,SELL,-3508,0.71,0.73
2026-01-03T23:25:45.555612Z,price_change,0.71,BUY,899,0.71,0.73
2026-01-03T23:25:45.556995Z,price_change,0.74,SELL,601,0.71,0.73
2026-01-03T23:25:45.568403Z,price_change,0.73,SELL,269,0.71,0.73
2026-01-03T23:25:45.590962Z,price_change,0.76,SELL,269,0.71,0.73
2026-01-03T23:25:45.591008Z,price_change,0.73,SELL,3508,0.71,0.73
2026-01-03T23:25:45.591994Z,price_change,0.73,SELL,3508,0.71,0.73
2026-01-03T23:25:45.593191Z,price_change,0.73,SELL,3508,0.71,0.73
2026-01-03T23:25:45.642656Z,price_change,0.78,SELL,-5000,0.71,0.73
2026-01-03T23:25:45.642656Z,price_change,0.76,SELL,5000,0.71,0.73
2026-01-03T23:25:45.644534Z,price_change,0.78,SELL,-5000,0.71,0.73
2026-01-03T23:25:45.644534Z,price_change,0.76,SELL,5000,0.71,0.73
2026-01-03T23:25:45.677087Z,price_change,0.76,SELL,-269,0.71,0.73
2026-01-03T23:25:45.684338Z,price_change,0.75,SELL,-1,0.71,0.73
2026-01-03T23:25:45.684338Z,price_change,0.74,SELL,1,0.71,0.73
2026-01-03T23:25:45.713074Z,price_change,0.75,SELL,269,0.71,0.73
2026-01-03T23:25:45.812981Z,price_change,0.75,SELL,-1,0.71,0.73
2026-01-03T23:25:45.812981Z,price_change,0.74,SELL,1,0.71,0.73
2026-01-03T23:25:46.189689Z,price_change,0.69,BUY,100,0.71,0.73
2026-01-03T23:25:46.190672Z,price_change,0.68,BUY,100,0.71,0.73
2026-01-03T23:25:46.194735Z,price_change,0.77,SELL,-2000,0.71,0.73
2026-01-03T23:25:46.33641Z,price_change,0.68,BUY,-100,0.71,0.73
2026-01-03T23:25:46.337254Z,price_change,0.69,BUY,-100,0.71,0.73
2026-01-03T23:25:46.440335Z,price_change,0.7,BUY,-6969,0.71,0.73
2026-01-03T23:25:46.441887Z,price_change,0.81,SELL,-6969,0.71,0.73
2026-01-03T23:25:46.44317Z,price_change,0.71,BUY,-4690,0.71,0.73
2026-01-03T23:25:46.444433Z,price_change,0.8,SELL,-4690,0.71,0.73
2026-01-03T23:25:46.476648Z,price_change,0.7,BUY,-270,0.71,0.73
2026-01-03T23:25:46.504337Z,price_change,0.66,BUY,269,0.71,0.73
2026-01-03T23:25:46.829338Z,price_change,0.68,BUY,2841,0.71,0.73
2026-01-03T23:25:46.830865Z,price_change,0.76,SELL,6671,0.71,0.73
2026-01-03T23:25:46.832343Z,price_change,0.67,BUY,961,0.71,0.73
2026-01-03T23:25:46.83403Z,price_change,0.77,SELL,2320,0.71,0.73
2026-01-03T23:25:46.887069Z,price_change,0.66,BUY,-269,0.71,0.73
2026-01-03T23:25:47.022434Z,price_change,0.69,BUY,269,0.71,0.73
2026-01-03T23:25:47.03594Z,price_change,0.67,BUY,6969,0.71,0.73
2026-01-03T23:25:47.037341Z,price_change,0.78,SELL,6969,0.71,0.73
2026-01-03T23:25:47.691212Z,price_change,0.75,SELL,-5,0.71,0.73
2026-01-03T23:25:47.691212Z,price_change,0.74,SELL,5,0.71,0.73
2026-01-03T23:25:47.849071Z,price_change,0.73,SELL,-12,0.71,0.73
2026-01-03T23:25:48.103194Z,price_change,0.68,BUY,4690,0.71,0.73
2026-01-03T23:25:48.104872Z,price_change,0.77,SELL,4690,0.71,0.73
2026-01-03T23:25:48.149341Z,price_change,0.73,SELL,-1,0.71,0.73
2026-01-03T23:25:48.5675Z,price_change,0.48,BUY,-336,0.71,0.73
2026-01-03T23:25:48.570466Z,price_change,0.43,BUY,255,0.71,0.73
2026-01-03T23:25:48.596352Z,price_change,0.77,SELL,-100,0.71,0.73
2026-01-03T23:25:48.596352Z,price_change,0.74,SELL,100,0.71,0.73
2026-01-03T23:25:48.606111Z,price_change,0.99,SELL,-1079,0.71,0.73
2026-01-03T23:25:48.638895Z,price_change,0.7,BUY,100,0.71,0.73
2026-01-03T23:25:48.667025Z,price_change,0.98,SELL,1079,0.71,0.73
2026-01-03T23:25:50.864473Z,price_change,0.63,BUY,364,0.71,0.73
2026-01-03T23:25:50.866063Z,price_change,0.49,BUY,364,0.71,0.73
2026-01-03T23:25:50.86741Z,price_change,0.76,SELL,364,0.71,0.73
2026-01-03T23:25:50.868735Z,price_change,0.84,SELL,364,0.71,0.73
2026-01-03T23:25:50.959629Z,price_change,0.71,BUY,-2,0.71,0.73
2026-01-03T23:25:50.959629Z,price_change,0.71,BUY,-1,0.71,0.73
2026-01-03T23:25:51.265537Z,price_change,0.68,BUY,-2841,0.71,0.73
2026-01-03T23:25:51.267485Z,price_change,0.76,SELL,-6671,0.71,0.73
2026-01-03T23:25:51.269107Z,price_change,0.67,BUY,-961,0.71,0.73
2026-01-03T23:25:51.270527Z,price_change,0.77,SELL,-2320,0.71,0.73
2026-01-03T23:25:51.776863Z,price_change,0.69,BUY,125,0.71,0.73
2026-01-03T23:25:51.805941Z,price_change,0.75,SELL,300,0.71,0.73
2026-01-03T23:25:51.93869Z,price_change,0.69,BUY,1077,0.71,0.73
2026-01-03T23:25:51.965509Z,price_change,0.74,SELL,200,0.71,0.73
2026-01-03T23:25:51.968434Z,price_change,0.7,BUY,200,0.71,0.73
2026-01-03T23:25:52.093198Z,price_change,0.73,SELL,-1,0.71,0.73
2026-01-03T23:25:52.457516Z,price_change,0.74,SELL,1077,0.71,0.73
2026-01-03T23:25:53.000382Z,price_change,0.84,SELL,-364,0.71,0.73
2026-01-03T23:25:53.000382Z,price_change,0.76,SELL,-364,0.71,0.73
2026-01-03T23:25:53.000382Z,price_change,0.63,BUY,-364,0.71,0.73
2026-01-03T23:25:53.000382Z,price_change,0.49,BUY,-364,0.71,0.73
2026-01-03T23:25:53.432867Z,price_change,0.71,BUY,2500,0.71,0.73
2026-01-03T23:25:54.027276Z,price_change,0.73,SELL,-33,0.71,0.73
2026-01-03T23:25:54.064858Z,price_change,0.98,SELL,-1079,0.71,0.73
2026-01-03T23:25:54.106234Z,price_change,0.99,SELL,1079,0.71,0.73
2026-01-03T23:25:54.248677Z,price_change,0.65,BUY,-3077,0.71,0.73
2026-01-03T23:25:56.234487Z,price_change,0.73,SELL,-3508,0.71,0.73
2026-01-03T23:25:56.234698Z,price_change,0.7,BUY,-3515,0.71,0.73
2026-01-03T23:25:56.235097Z,price_change,0.75,SELL,-405,0.71,0.73
2026-01-03T23:25:56.235729Z,price_change,0.73,SELL,-269,0.71,0.73
2026-01-03T23:25:56.276048Z,price_change,0.76,SELL,404,0.71,0.73
2026-01-03T23:25:56.278914Z,price_change,0.74,SELL,269,0.71,0.73
2026-01-03T23:25:56.28001Z,price_change,0.72,BUY,3508,0.72,0.73
2026-01-03T23:25:57.30066Z,price_change,0.75,SELL,25,0.72,0.73
2026-01-03T23:25:57.352328Z,price_change,0.72,BUY,-3508,0.71,0.73
2026-01-03T23:25:57.387469Z,price_change,0.7,BUY,3508,0.71,0.73
2026-01-03T23:25:58.582219Z,price_change,0.68,BUY,28,0.71,0.73
2026-01-03T23:25:58.621619Z,price_change,0.76,SELL,-404,0.71,0.73
2026-01-03T23:25:58.654391Z,price_change,0.75,SELL,404,0.71,0.73
2026-01-03T23:25:59.100634Z,price_change,0.73,SELL,-26,0.71,0.73
2026-01-03T23:26:03.559885Z,price_change,0.75,SELL,-300,0.71,0.73
2026-01-03T23:26:03.560963Z,price_change,0.69,BUY,-125,0.71,0.73
2026-01-03T23:26:03.597732Z,price_change,0.74,SELL,-200,0.71,0.73
2026-01-03T23:26:03.599528Z,price_change,0.7,BUY,-200,0.71,0.73
2026-01-03T23:26:03.935684Z,price_change,0.73,SELL,1074,0.71,0.73
2026-01-03T23:26:03.937227Z,price_change,0.68,BUY,1074,0.71,0.73
2026-01-03T23:26:03.945551Z,price_change,0.69,BUY,-1077,0.71,0.73
2026-01-03T23:26:04.418896Z,price_change,0.74,SELL,-1077,0.71,0.73
2026-01-03T23:26:04.518909Z,price_change,0.74,SELL,-269,0.71,0.73
2026-01-03T23:26:04.524484Z,price_change,0.73,SELL,3508,0.71,0.73
2026-01-03T23:26:04.55154Z,price_change,0.73,SELL,269,0.71,0.73
2026-01-03T23:26:05.997345Z,price_change,0.72,BUY,10000,0.72,0.73
2026-01-03T23:26:06.123197Z,price_change,0.73,SELL,-8,0.72,0.73
2026-01-03T23:26:06.184945Z,price_change,0.62,BUY,25,0.72,0.73
2026-01-03T23:26:06.313522Z,price_change,0.73,SELL,-3508,0.72,0.73
2026-01-03T23:26:06.314996Z,price_change,0.7,BUY,-3508,0.72,0.73
2026-01-03T23:26:06.315068Z,price_change,0.73,SELL,-3508,0.72,0.73
2026-01-03T23:26:06.316071Z,price_change,0.73,SELL,-269,0.72,0.73
2026-01-03T23:26:06.317093Z,price_change,0.75,SELL,-404,0.72,0.73
2026-01-03T23:26:06.351006Z,price_change,0.76,SELL,404,0.72,0.73
2026-01-03T23:26:06.353164Z,price_change,0.74,SELL,269,0.72,0.73
2026-01-03T23:26:06.357478Z,price_change,0.72,BUY,3508,0.72,0.73
2026-01-03T23:26:07.073157Z,price_change,0.7,BUY,-100,0.72,0.73
2026-01-03T23:26:07.073157Z,price_change,0.69,BUY,100,0.72,0.73
2026-01-03T23:26:07.098704Z,price_change,0.74,SELL,-100,0.72,0.73
2026-01-03T23:26:07.098704Z,price_change,0.73,SELL,100,0.72,0.73
2026-01-03T23:26:07.176996Z,price_change,0.63,BUY,364,0.72,0.73
2026-01-03T23:26:07.178716Z,price_change,0.5,BUY,364,0.72,0.73
2026-01-03T23:26:07.180208Z,price_change,0.76,SELL,364,0.72,0.73
2026-01-03T23:26:07.181736Z,price_change,0.84,SELL,364,0.72,0.73
2026-01-03T23:26:07.863929Z,price_change,0.68,BUY,2841,0.72,0.73
2026-01-03T23:26:07.864989Z,price_change,0.76,SELL,6671,0.72,0.73
2026-01-03T23:26:07.86593Z,price_change,0.67,BUY,961,0.72,0.73
2026-01-03T23:26:07.866821Z,price_change,0.77,SELL,2320,0.72,0.73
2026-01-03T23:26:09.387387Z,price_change,0.73,SELL,-11,0.72,0.73
2026-01-03T23:26:10.000381Z,price_change,0.84,SELL,-364,0.72,0.73
2026-01-03T23:26:10.000381Z,price_change,0.5,BUY,-364,0.72,0.73
2026-01-03T23:26:10.000381Z,price_change,0.76,SELL,-364,0.72,0.73
2026-01-03T23:26:10.000381Z,price_change,0.63,BUY,-364,0.72,0.73
2026-01-03T23:26:10.279971Z,price_change,0.68,BUY,-2841,0.72,0.73
2026-01-03T23:26:10.281443Z,price_change,0.76,SELL,-6671,0.72,0.73
2026-01-03T23:26:10.283939Z,price_change,0.67,BUY,-961,0.72,0.73
2026-01-03T23:26:10.294495Z,price_change,0.77,SELL,-2320,0.72,0.73
2026-01-03T23:26:10.331954Z,price_change,0.67,BUY,2884,0.72,0.73
2026-01-03T23:26:10.333645Z,price_change,0.75,SELL,6405,0.72,0.73
2026-01-03T23:26:10.335214Z,price_change,0.66,BUY,975,0.72,0.73
2026-01-03T23:26:10.33676Z,price_change,0.76,SELL,2223,0.72,0.73
2026-01-03T23:26:10.371042Z,price_change,0.75,SELL,-269,0.72,0.73
2026-01-03T23:26:10.411103Z,price_change,0.74,SELL,269,0.72,0.73
2026-01-03T23:26:10.78191Z,price_change,0.73,SELL,-13,0.72,0.73
2026-01-03T23:26:10.811605Z,price_change,0.73,SELL,-100,0.72,0.73
2026-01-03T23:26:10.811605Z,price_change,0.74,SELL,100,0.72,0.73
2026-01-03T23:26:11.024051Z,price_change,0.43,BUY,-255,0.72,0.73
2026-01-03T23:26:11.025262Z,price_change,0.47,BUY,353,0.72,0.73
2026-01-03T23:26:11.036052Z,price_change,0.69,BUY,-269,0.72,0.73
2026-01-03T23:26:11.085806Z,price_change,0.71,BUY,269,0.72,0.73
2026-01-03T23:26:11.124826Z,price_change,0.74,SELL,-269,0.72,0.73
2026-01-03T23:26:11.172617Z,price_change,0.75,SELL,269,0.72,0.73
2026-01-03T23:26:11.715554Z,price_change,0.73,SELL,-25,0.72,0.73
2026-01-03T23:26:12.061486Z,price_change,0.74,SELL,-1,0.72,0.73
2026-01-03T23:26:13.015926Z,price_change,0.69,BUY,1075,0.72,0.73
2026-01-03T23:26:13.501333Z,price_change,0.68,BUY,-1074,0.72,0.73
2026-01-03T23:26:13.855524Z,price_change,0.55,BUY,25,0.72,0.73
2026-01-03T23:26:15.388545Z,price_change,0.71,BUY,4225,0.72,0.73
2026-01-03T23:26:15.39967Z,price_change,0.77,SELL,12000,0.72,0.73
2026-01-03T23:26:17.090546Z,price_change,0.69,BUY,-100,0.72,0.73
2026-01-03T23:26:17.090546Z,price_change,0.7,BUY,100,0.72,0.73
2026-01-03T23:26:17.211631Z,price_change,0.76,SELL,-404,0.72,0.73
2026-01-03T23:26:17.212785Z,price_change,0.72,BUY,-3508,0.72,0.73
2026-01-03T23:26:17.214406Z,price_change,0.74,SELL,-269,0.72,0.73
2026-01-03T23:26:17.214586Z,price_change,0.71,BUY,-269,0.72,0.73
2026-01-03T23:26:17.215633Z,price_change,0.75,SELL,-269,0.72,0.73
2026-01-03T23:26:17.22192Z,price_change,0.73,SELL,3508,0.72,0.73
2026-01-03T23:26:17.223367Z,price_change,0.73,SELL,3508,0.72,0.73
2026-01-03T23:26:17.286877Z,price_change,0.7,BUY,3508,0.72,0.73
2026-01-03T23:26:17.286885Z,price_change,0.73,SELL,269,0.72,0.73
2026-01-03T23:26:17.287123Z,price_change,0.75,SELL,404,0.72,0.73
2026-01-03T23:26:17.288125Z,price_change,0.74,SELL,269,0.72,0.73
2026-01-03T23:26:17.28846Z,price_change,0.69,BUY,269,0.72,0.73
2026-01-03T23:26:18.40697Z,price_change,0.73,SELL,-269,0.72,0.73
2026-01-03T23:26:18.407468Z,price_change,0.73,SELL,-3508,0.72,0.73
2026-01-03T23:26:18.408162Z,price_change,0.75,SELL,-404,0.72,0.73
2026-01-03T23:26:18.462252Z,price_change,0.74,SELL,269,0.72,0.73
2026-01-03T23:26:18.464803Z,price_change,0.76,SELL,404,0.72,0.73
2026-01-03T23:26:19.012161Z,price_change,0.72,BUY,-10000,0.71,0.73
2026-01-03T23:26:19.234151Z,price_change,0.67,BUY,-2884,0.71,0.73
2026-01-03T23:26:19.235683Z,price_change,0.75,SELL,-6405,0.71,0.73
2026-01-03T23:26:19.236746Z,price_change,0.66,BUY,-975,0.71,0.73
2026-01-03T23:26:19.237503Z,price_change,0.76,SELL,-2223,0.71,0.73
2026-01-03T23:26:19.269281Z,price_change,0.7,BUY,-100,0.71,0.73
2026-01-03T23:26:19.269281Z,price_change,0.69,BUY,100,0.71,0.73
2026-01-03T23:26:19.284189Z,price_change,0.74,SELL,-269,0.71,0.73
2026-01-03T23:26:19.3372Z,price_change,0.75,SELL,269,0.71,0.73
2026-01-03T23:26:19.578532Z,price_change,0.76,SELL,-404,0.71,0.73
2026-01-03T23:26:19.588832Z,price_change,0.68,BUY,500,0.71,0.73
2026-01-03T23:26:19.61646Z,price_change,0.75,SELL,404,0.71,0.73
2026-01-03T23:26:19.765663Z,price_change,0.75,SELL,300,0.71,0.73
2026-01-03T23:26:19.793957Z,price_change,0.74,SELL,200,0.71,0.73
2026-01-03T23:26:19.802163Z,price_change,0.71,BUY,200,0.71,0.73
2026-01-03T23:26:19.805771Z,price_change,0.7,BUY,125,0.71,0.73
2026-01-03T23:26:20.626446Z,price_change,0.73,SELL,3508,0.71,0.73
2026-01-03T23:26:20.627565Z,price_change,0.74,SELL,-269,0.71,0.73
2026-01-03T23:26:20.662197Z,price_change,0.73,SELL,269,0.71,0.73
2026-01-03T23:26:20.85374Z,price_change,0.74,SELL,-1,0.71,0.73
2026-01-03T23:26:20.85374Z,price_change,0.73,SELL,1,0.71,0.73
2026-01-03T23:26:20.941442Z,price_change,0.69,BUY,-1075,0.71,0.73
2026-01-03T23:26:21.195632Z,price_change,0.71,BUY,-3515,0.71,0.73
2026-01-03T23:26:21.196845Z,price_change,0.7,BUY,-3508,0.71,0.73
2026-01-03T23:26:21.197856Z,price_change,0.99,SELL,-1079,0.71,0.73
2026-01-03T23:26:21.197967Z,price_change,0.71,BUY,-269,0.71,0.73
2026-01-03T23:26:21.198128Z,price_change,0.69,BUY,-404,0.71,0.73
2026-01-03T23:26:21.198269Z,price_change,0.73,SELL,-3508,0.71,0.73
2026-01-03T23:26:21.199514Z,price_change,0.75,SELL,-404,0.71,0.73
2026-01-03T23:26:21.199555Z,price_change,0.46,BUY,-1079,0.71,0.73
2026-01-03T23:26:21.199616Z,price_change,0.74,SELL,-3515,0.71,0.73
2026-01-03T23:26:21.199925Z,price_change,0.73,SELL,-269,0.71,0.73
2026-01-03T23:26:21.20077Z,price_change,0.73,SELL,-3508,0.71,0.73
2026-01-03T23:26:21.20108Z,price_change,0.74,SELL,-3515,0.71,0.73
2026-01-03T23:26:21.20151Z,price_change,0.73,SELL,-3508,0.71,0.73
2026-01-03T23:26:21.201585Z,price_change,0.37,BUY,-6747,0.71,0.73
2026-01-03T23:26:21.201767Z,price_change,0.75,SELL,-269,0.71,0.73
2026-01-03T23:26:21.202213Z,price_change,0.75,SELL,-3515,0.71,0.73
2026-01-03T23:26:21.202912Z,price_change,0.69,BUY,-269,0.71,0.73
2026-01-03T23:26:21.259606Z,price_change,0.38,BUY,3508,0.71,0.73
2026-01-03T23:26:21.260622Z,price_change,0.37,BUY,3508,0.71,0.73
2026-01-03T23:26:21.263461Z,price_change,0.69,BUY,1075,0.71,0.73
2026-01-03T23:26:21.284967Z,price_change,0.04,BUY,269,0.71,0.73
2026-01-03T23:26:21.763769Z,price_change,0.67,BUY,-6969,0.71,0.73
2026-01-03T23:26:21.764735Z,price_change,0.78,SELL,-6969,0.71,0.73
2026-01-03T23:26:21.765682Z,price_change,0.68,BUY,-4690,0.71,0.73
2026-01-03T23:26:21.766679Z,price_change,0.77,SELL,-4690,0.71,0.73
2026-01-03T23:26:22.08088Z,price_change,0.71,BUY,-2500,0.71,0.73
2026-01-03T23:26:22.242776Z,price_change,0.38,BUY,-3508,0.71,0.73
2026-01-03T23:26:22.246011Z,price_change,0.37,BUY,-3508,0.71,0.73
2026-01-03T23:26:22.262568Z,price_change,0.04,BUY,-269,0.71,0.73
2026-01-03T23:26:22.305078Z,price_change,0.35,BUY,6596,0.71,0.73
2026-01-03T23:26:22.305108Z,price_change,0.69,BUY,263,0.71,0.73
2026-01-03T23:26:22.306696Z,price_change,0.72,SELL,263,0.71,0.72
2026-01-03T23:26:22.306747Z,price_change,0.38,BUY,263,0.71,0.72
2026-01-03T23:26:22.307116Z,price_change,0.44,BUY,1055,0.71,0.72
2026-01-03T23:26:22.307165Z,price_change,0.69,BUY,3430,0.71,0.72
2026-01-03T23:26:22.3074Z,price_change,0.72,SELL,3430,0.71,0.72
2026-01-03T23:26:22.307601Z,price_change,0.73,SELL,3430,0.71,0.72
2026-01-03T23:26:22.308565Z,price_change,0.97,SELL,1055,0.71,0.72
2026-01-03T23:26:22.308713Z,price_change,0.74,SELL,395,0.71,0.72
2026-01-03T23:26:22.309037Z,price_change,0.72,SELL,3430,0.71,0.72
2026-01-03T23:26:22.309403Z,price_change,0.72,SELL,263,0.71,0.72
2026-01-03T23:26:22.310294Z,price_change,0.74,SELL,3430,0.71,0.72
2026-01-03T23:26:22.312856Z,price_change,0.66,BUY,395,0.71,0.72
2026-01-03T23:26:22.313051Z,price_change,0.7,BUY,3430,0.71,0.72
2026-01-03T23:26:22.318683Z,price_change,0.71,BUY,-899,0.71,0.72
2026-01-03T23:26:22.319699Z,price_change,0.74,SELL,-601,0.71,0.72
2026-01-03T23:26:22.322729Z,price_change,0.72,SELL,3430,0.71,0.72
2026-01-03T23:26:22.330151Z,price_change,0.7,BUY,899,0.71,0.72
2026-01-03T23:26:22.33294Z,price_change,0.77,SELL,-312,0.71,0.72
2026-01-03T23:26:22.332985Z,price_change,0.73,SELL,601,0.71,0.72
2026-01-03T23:26:22.333572Z,price_change,0.73,SELL,3430,0.71,0.72
2026-01-03T23:26:22.335663Z,price_change,0.85,SELL,-417,0.71,0.72
2026-01-03T23:26:22.336793Z,price_change,0.87,SELL,388,0.71,0.72
2026-01-03T23:26:22.428075Z,price_change,0.72,SELL,-263,0.71,0.72
2026-01-03T23:26:22.458866Z,price_change,0.73,SELL,263,0.71,0.72
2026-01-03T23:26:22.535296Z,price_change,0.73,SELL,-14870,0.71,0.72
2026-01-03T23:26:22.576529Z,price_change,0.73,SELL,-263,0.71,0.72
2026-01-03T23:26:22.618179Z,price_change,0.69,BUY,-1075,0.71,0.72
2026-01-03T23:26:22.633533Z,price_change,0.75,SELL,263,0.71,0.72
2026-01-03T23:26:22.65242Z,price_change,0.72,SELL,7500,0.71,0.72
2026-01-03T23:26:22.790159Z,price_change,0.62,BUY,2881,0.71,0.72
2026-01-03T23:26:22.86761Z,price_change,0.38,BUY,-263,0.71,0.72
2026-01-03T23:26:22.907736Z,price_change,0.66,BUY,-395,0.71,0.72
2026-01-03T23:26:22.909796Z,price_change,0.63,BUY,263,0.71,0.72
2026-01-03T23:26:22.963598Z,price_change,0.68,BUY,395,0.71,0.72
2026-01-03T23:26:23.025593Z,price_change,0.74,SELL,-5,0.71,0.72
2026-01-03T23:26:23.153722Z,price_change,0.71,BUY,-4225,0.71,0.72
2026-01-03T23:26:23.165615Z,price_change,0.77,SELL,-12000,0.71,0.72
2026-01-03T23:26:23.222262Z,price_change,0.68,BUY,-500,0.71,0.72
2026-01-03T23:26:23.265312Z,price_change,0.69,BUY,-263,0.71,0.72
2026-01-03T23:26:23.334987Z,price_change,0.7,BUY,263,0.71,0.72
2026-01-03T23:26:23.400355Z,price_change,0.71,BUY,-5000,0.71,0.72
2026-01-03T23:26:23.400355Z,price_change,0.69,BUY,5000,0.71,0.72
2026-01-03T23:26:23.402423Z,price_change,0.71,BUY,-5000,0.71,0.72
2026-01-03T23:26:23.402423Z,price_change,0.69,BUY,5000,0.71,0.72
