timestamp,event_type,price,side,size,best_bid,best_ask
,book,0.2800,BUY,5700,0.2800,0.31
,book,0.31,SELL,16077,0.2800,0.31
2026-01-08T01:06:14.713407Z,price_change,0.7300,SELL,-247,0.28,0.3100
2026-01-08T01:06:14.714124Z,price_change,0.7300,SELL,-247,0.28,0.3100
2026-01-08T01:06:14.714793Z,price_change,0.7300,SELL,-247,0.28,0.3100
2026-01-08T01:06:14.763843Z,price_change,0.7400,SELL,247,0.28,0.3100
2026-01-08T01:06:14.764357Z,price_change,0.7500,SELL,247,0.28,0.3100
2026-01-08T01:06:14.764738Z,price_change,0.7600,SELL,247,0.28,0.3100
2026-01-08T01:06:14.990328Z,price_change,0.3200,SELL,-100,0.28,0.3100
2026-01-08T01:06:14.990328Z,price_change,0.3100,SELL,100,0.28,0.3100
2026-01-08T01:06:15.142807Z,price_change,0.3200,SELL,342,0.28,0.3100
2026-01-08T01:06:15.386037Z,price_change,0.3100,SELL,-61,0.28,0.3100
1767834375,last_trade_price,0.31,BUY,61,0.28,0.3100
2026-01-08T01:06:15.558676Z,price_change,0.5700,SELL,103,0.28,0.3100
2026-01-08T01:06:16.24924Z,price_change,0.3100,SELL,-119,0.28,0.3100
2026-01-08T01:06:16.24924Z,price_change,0.3100,SELL,-111,0.28,0.3100
1767834376,last_trade_price,0.31,BUY,119,0.28,0.3100
1767834376,last_trade_price,0.31,BUY,111,0.28,0.3100
2026-01-08T01:06:16.28414Z,price_change,0.8900,SELL,-53,0.28,0.3100
2026-01-08T01:06:16.285465Z,price_change,0.6600,SELL,-50,0.28,0.3100
2026-01-08T01:06:16.390186Z,price_change,0.3100,SELL,-9,0.28,0.3100
1767834376,last_trade_price,0.31,BUY,9,0.28,0.3100
,book,0.2800,BUY,55618,0.2800,0.3
,book,0.3,SELL,26459,0.2800,0.3
2026-01-08T01:07:43.875372Z,price_change,0.6000,SELL,-75,0.28,0.3000
2026-01-08T01:07:44.003296Z,price_change,0.6100,SELL,55,0.28,0.3000
1767834464,last_trade_price,0.3,BUY,478,0.28,0.3000
2026-01-08T01:07:44.152528Z,price_change,0.3000,SELL,-478,0.28,0.3000
2026-01-08T01:07:44.602732Z,price_change,0.3000,SELL,-8,0.28,0.3000
1767834464,last_trade_price,0.3,BUY,8,0.28,0.3000
2026-01-08T01:07:44.623928Z,price_change,0.3000,SELL,-15,0.28,0.3000
1767834464,last_trade_price,0.3,BUY,15,0.28,0.3000
2026-01-08T01:07:45.421167Z,price_change,0.27,BUY,100,0.28,0.3000
2026-01-08T01:07:45.617023Z,price_change,0.3200,SELL,-50,0.28,0.3000
2026-01-08T01:07:46.153041Z,price_change,0.3000,SELL,-312,0.28,0.3000
1767834466,last_trade_price,0.3,BUY,312,0.28,0.3000
2026-01-08T01:07:46.262251Z,price_change,0.9600,SELL,-77,0.28,0.3000
2026-01-08T01:07:46.478555Z,price_change,0.6100,SELL,29,0.28,0.3000
2026-01-08T01:07:47.476788Z,price_change,0.3000,SELL,-800,0.28,0.3000
1767834467,last_trade_price,0.3,BUY,800,0.28,0.3000
2026-01-08T01:07:47.480974Z,price_change,0.27,BUY,-1066,0.28,0.3000
2026-01-08T01:07:47.869189Z,price_change,0.3000,SELL,-10,0.28,0.3000
1767834467,last_trade_price,0.3,BUY,10,0.28,0.3000
2026-01-08T01:07:49.55106Z,price_change,0.3000,SELL,-400,0.28,0.3000
1767834469,last_trade_price,0.3,BUY,400,0.28,0.3000
2026-01-08T01:07:49.561537Z,price_change,0.26,BUY,7200,0.28,0.3000
2026-01-08T01:07:49.704167Z,price_change,0.25,BUY,-7200,0.28,0.3000
2026-01-08T01:07:49.755374Z,price_change,0.26,BUY,1066,0.28,0.3000
2026-01-08T01:07:49.953644Z,price_change,0.8700,SELL,52,0.28,0.3000
2026-01-08T01:07:50.436407Z,price_change,0.3000,SELL,-12,0.28,0.3000
1767834470,last_trade_price,0.3,BUY,12,0.28,0.3000
2026-01-08T01:07:50.511701Z,price_change,0.3000,SELL,-20,0.28,0.3000
1767834470,last_trade_price,0.3,BUY,20,0.28,0.3000
2026-01-08T01:07:51.254747Z,price_change,0.3100,SELL,-1901,0.28,0.3000
2026-01-08T01:07:51.255176Z,price_change,0.3200,SELL,-1901,0.28,0.3000
2026-01-08T01:07:51.290557Z,price_change,0.3000,SELL,1901,0.28,0.3000
2026-01-08T01:07:51.290954Z,price_change,0.3100,SELL,1901,0.28,0.3000
2026-01-08T01:07:51.348862Z,price_change,0.3000,SELL,-6250,0.28,0.3000
1767834471,last_trade_price,0.3,BUY,6250,0.28,0.3000
2026-01-08T01:07:51.453307Z,price_change,0.3100,SELL,-1901,0.28,0.3000
2026-01-08T01:07:51.455437Z,price_change,0.3000,SELL,-1901,0.28,0.3000
2026-01-08T01:07:51.494892Z,price_change,0.3100,SELL,1901,0.28,0.3000
2026-01-08T01:07:51.517728Z,price_change,0.3200,SELL,1901,0.28,0.3000
2026-01-08T01:07:51.708813Z,price_change,0.28,BUY,-36,0.28,0.3000
1767834471,last_trade_price,0.72,SELL,36,0.28,0.3000
2026-01-08T01:07:52.00755Z,price_change,0.3000,SELL,-1,0.28,0.3000
1767834472,last_trade_price,0.3,BUY,1,0.28,0.3000
2026-01-08T01:07:53.893226Z,price_change,0.3000,SELL,-79,0.28,0.3000
1767834473,last_trade_price,0.3,BUY,79,0.28,0.3000
2026-01-08T01:07:53.958038Z,price_change,0.6100,SELL,-55,0.28,0.3000
2026-01-08T01:07:53.958946Z,price_change,0.6100,SELL,-29,0.28,0.3000
2026-01-08T01:07:53.97574Z,price_change,0.3000,SELL,-15,0.28,0.3000
1767834473,last_trade_price,0.3,BUY,15,0.28,0.3000
2026-01-08T01:07:54.311004Z,price_change,0.6200,SELL,86,0.28,0.3000
2026-01-08T01:07:55.157881Z,price_change,0.28,BUY,-5000,0.28,0.3000
1767834475,last_trade_price,0.72,SELL,5000,0.28,0.3000
2026-01-08T01:07:55.201386Z,price_change,0.3000,SELL,-3,0.28,0.3000
1767834475,last_trade_price,0.3,BUY,3,0.28,0.3000
2026-01-08T01:07:55.42406Z,price_change,0.3000,SELL,-3,0.28,0.3000
1767834475,last_trade_price,0.3,BUY,3,0.28,0.3000
2026-01-08T01:07:55.688243Z,price_change,0.3000,SELL,-21,0.28,0.3000
1767834475,last_trade_price,0.3,BUY,21,0.28,0.3000
2026-01-08T01:07:55.790283Z,price_change,0.3000,SELL,-63,0.28,0.3000
1767834475,last_trade_price,0.3,BUY,63,0.28,0.3000
2026-01-08T01:07:55.865992Z,price_change,0.3000,SELL,-31,0.28,0.3000
1767834475,last_trade_price,0.3,BUY,31,0.28,0.3000
2026-01-08T01:07:55.898141Z,price_change,0.3000,SELL,-50,0.28,0.3000
1767834475,last_trade_price,0.3,BUY,50,0.28,0.3000
2026-01-08T01:07:56.125732Z,price_change,0.3200,SELL,150,0.28,0.3000
2026-01-08T01:07:56.144636Z,price_change,0.3300,SELL,-150,0.28,0.3000
2026-01-08T01:07:56.337657Z,price_change,0.23,BUY,700,0.28,0.3000
2026-01-08T01:07:56.338182Z,price_change,0.4100,SELL,700,0.28,0.3000
2026-01-08T01:07:56.591283Z,price_change,0.3000,SELL,-400,0.28,0.3000
1767834476,last_trade_price,0.3,BUY,400,0.28,0.3000
2026-01-08T01:07:56.815106Z,price_change,0.8800,SELL,-54,0.28,0.3000
2026-01-08T01:07:57.034896Z,price_change,0.4800,SELL,2000,0.28,0.3000
2026-01-08T01:07:57.041335Z,price_change,0.3000,SELL,-31,0.28,0.3000
1767834477,last_trade_price,0.3,BUY,31,0.28,0.3000
2026-01-08T01:07:57.123464Z,price_change,0.3000,SELL,-10,0.28,0.3000
1767834477,last_trade_price,0.3,BUY,10,0.28,0.3000
2026-01-08T01:07:57.284091Z,price_change,0.6200,SELL,-29,0.28,0.3000
2026-01-08T01:07:57.505031Z,price_change,0.23,BUY,-80,0.28,0.3000
2026-01-08T01:07:57.759786Z,price_change,0.3000,SELL,-15,0.28,0.3000
1767834477,last_trade_price,0.3,BUY,15,0.28,0.3000
2026-01-08T01:07:58.333921Z,price_change,0.3200,SELL,-1901,0.28,0.3000
2026-01-08T01:07:58.33515Z,price_change,0.3100,SELL,-1901,0.28,0.3000
2026-01-08T01:07:58.858471Z,price_change,0.3000,SELL,-100,0.28,0.3000
1767834478,last_trade_price,0.3,BUY,100,0.28,0.3000
2026-01-08T01:07:59.000563Z,price_change,0.4100,SELL,-700,0.28,0.3000
2026-01-08T01:07:59.000563Z,price_change,0.23,BUY,-700,0.28,0.3000
2026-01-08T01:07:59.189445Z,price_change,0.3100,SELL,1901,0.28,0.3000
2026-01-08T01:07:59.192271Z,price_change,0.3100,SELL,1901,0.28,0.3000
2026-01-08T01:08:00.396453Z,price_change,0.3000,SELL,-63,0.28,0.3000
1767834480,last_trade_price,0.3,BUY,63,0.28,0.3000
2026-01-08T01:08:00.685692Z,price_change,0.3500,SELL,-50,0.28,0.3000
2026-01-08T01:08:00.899695Z,price_change,0.6200,SELL,-57,0.28,0.3000
2026-01-08T01:08:01.019046Z,price_change,0.27,BUY,1066,0.28,0.3000
2026-01-08T01:08:01.07177Z,price_change,0.26,BUY,-2851,0.28,0.3000
2026-01-08T01:08:01.07251Z,price_change,0.3000,SELL,-15356,0.28,0.3000
2026-01-08T01:08:01.075814Z,price_change,0.3100,SELL,-1901,0.28,0.3000
2026-01-08T01:08:01.075868Z,price_change,0.27,BUY,24714,0.28,0.3000
2026-01-08T01:08:01.076165Z,price_change,0.3200,SELL,-24714,0.28,0.3000
2026-01-08T01:08:01.076229Z,price_change,0.27,BUY,-1901,0.28,0.3000
2026-01-08T01:08:01.076441Z,price_change,0.01,BUY,7604,0.28,0.3000
2026-01-08T01:08:01.076657Z,price_change,0.3300,SELL,-2851,0.28,0.3000
2026-01-08T01:08:01.077673Z,price_change,0.6900,SELL,-47528,0.28,0.3000
2026-01-08T01:08:01.089936Z,price_change,0.28,BUY,-1901,0.28,0.3000
2026-01-08T01:08:01.106185Z,price_change,0.5900,SELL,-7604,0.28,0.3000
2026-01-08T01:08:01.170819Z,price_change,0.01,BUY,-7604,0.28,0.3000
2026-01-08T01:08:01.172874Z,price_change,0.3300,SELL,24714,0.28,0.3000
2026-01-08T01:08:01.173634Z,price_change,0.3200,SELL,1901,0.28,0.3000
2026-01-08T01:08:01.17491Z,price_change,0.3100,SELL,24714,0.28,0.3000
2026-01-08T01:08:01.174981Z,price_change,0.6900,SELL,47528,0.28,0.3000
2026-01-08T01:08:01.175045Z,price_change,0.3300,SELL,24714,0.28,0.3000
2026-01-08T01:08:01.178309Z,price_change,0.3300,SELL,2851,0.28,0.3000
2026-01-08T01:08:01.179884Z,price_change,0.5900,SELL,7604,0.28,0.3000
2026-01-08T01:08:01.180321Z,price_change,0.28,BUY,1901,0.28,0.3000
2026-01-08T01:08:01.182004Z,price_change,0.28,BUY,1901,0.28,0.3000
2026-01-08T01:08:01.182653Z,price_change,0.26,BUY,2851,0.28,0.3000
2026-01-08T01:08:01.214059Z,price_change,0.6100,SELL,56,0.28,0.3000
2026-01-08T01:08:01.238973Z,price_change,0.3100,SELL,-24714,0.28,0.3000
2026-01-08T01:08:01.337562Z,price_change,0.3000,SELL,-4,0.28,0.3000
1767834481,last_trade_price,0.3,BUY,4,0.28,0.3000
2026-01-08T01:08:01.359405Z,price_change,0.26,BUY,-1066,0.28,0.3000
2026-01-08T01:08:01.391227Z,price_change,0.3100,SELL,24714,0.28,0.3000
2026-01-08T01:08:01.478481Z,price_change,0.3000,SELL,-1,0.28,0.3000
2026-01-08T01:08:01.478481Z,price_change,0.3100,SELL,1,0.28,0.3000
2026-01-08T01:08:01.951771Z,price_change,0.6100,SELL,-56,0.28,0.3000
2026-01-08T01:08:01.999612Z,price_change,0.3000,SELL,-46,0.28,0.3000
1767834481,last_trade_price,0.3,BUY,46,0.28,0.3000
2026-01-08T01:08:02.064238Z,price_change,0.3000,SELL,-15,0.28,0.3000
1767834482,last_trade_price,0.3,BUY,15,0.28,0.3000
2026-01-08T01:08:02.128355Z,price_change,0.28,BUY,-1901,0.28,0.3000
2026-01-08T01:08:02.167514Z,price_change,0.27,BUY,1901,0.28,0.3000
2026-01-08T01:08:02.307826Z,price_change,0.4000,SELL,50,0.28,0.3000
2026-01-08T01:08:02.35372Z,price_change,0.27,BUY,-1901,0.28,0.3000
2026-01-08T01:08:02.388267Z,price_change,0.28,BUY,1901,0.28,0.3000
2026-01-08T01:08:02.430146Z,price_change,0.28,BUY,-1901,0.28,0.3000
2026-01-08T01:08:02.469686Z,price_change,0.27,BUY,1901,0.28,0.3000
2026-01-08T01:08:02.525266Z,price_change,0.3000,SELL,-4,0.28,0.3000
1767834482,last_trade_price,0.3,BUY,4,0.28,0.3000
2026-01-08T01:08:02.601731Z,price_change,0.3000,SELL,-15,0.28,0.3000
1767834482,last_trade_price,0.3,BUY,15,0.28,0.3000
2026-01-08T01:08:03.183725Z,price_change,0.6300,SELL,59,0.28,0.3000
2026-01-08T01:08:03.472478Z,price_change,0.26,BUY,100,0.28,0.3000
2026-01-08T01:08:03.966365Z,price_change,0.3000,SELL,-312,0.28,0.3000
1767834483,last_trade_price,0.3,BUY,312,0.28,0.3000
2026-01-08T01:08:04.415953Z,price_change,0.2,BUY,-50,0.28,0.3000
2026-01-08T01:08:04.686114Z,price_change,0.3000,SELL,-15,0.28,0.3000
1767834484,last_trade_price,0.3,BUY,15,0.28,0.3000
2026-01-08T01:08:04.711082Z,price_change,0.3100,SELL,50,0.28,0.3000
2026-01-08T01:08:05.870445Z,price_change,0.3000,SELL,-27,0.28,0.3000
1767834485,last_trade_price,0.3,BUY,27,0.28,0.3000
2026-01-08T01:08:06.036087Z,price_change,0.3000,SELL,-15,0.28,0.3000
1767834486,last_trade_price,0.3,BUY,15,0.28,0.3000
2026-01-08T01:08:06.206165Z,price_change,0.3000,SELL,-50,0.28,0.3000
1767834486,last_trade_price,0.3,BUY,50,0.28,0.3000
2026-01-08T01:08:06.823279Z,price_change,0.3000,SELL,-15,0.28,0.3000
1767834486,last_trade_price,0.3,BUY,15,0.28,0.3000
2026-01-08T01:08:07.487239Z,price_change,0.3000,SELL,-112,0.28,0.3000
1767834487,last_trade_price,0.3,BUY,112,0.28,0.3000
2026-01-08T01:08:07.88606Z,price_change,0.3000,SELL,-190,0.28,0.3000
1767834487,last_trade_price,0.3,BUY,190,0.28,0.3000
2026-01-08T01:08:08.405703Z,price_change,0.6300,SELL,90,0.28,0.3000
2026-01-08T01:08:09.101201Z,price_change,0.3000,SELL,-5,0.28,0.3000
1767834489,last_trade_price,0.3,BUY,5,0.28,0.3000
2026-01-08T01:08:09.143292Z,price_change,0.3000,SELL,-30,0.28,0.3000
1767834489,last_trade_price,0.3,BUY,30,0.28,0.3000
2026-01-08T01:08:10.282162Z,price_change,0.6300,SELL,-59,0.28,0.3000
2026-01-08T01:08:10.283619Z,price_change,0.6300,SELL,-90,0.28,0.3000
2026-01-08T01:08:10.391849Z,price_change,0.6200,SELL,103,0.28,0.3000
2026-01-08T01:08:10.403555Z,price_change,0.6600,SELL,50,0.28,0.3000
2026-01-08T01:08:10.823876Z,price_change,0.3000,SELL,-4,0.28,0.3000
1767834490,last_trade_price,0.3,BUY,4,0.28,0.3000
2026-01-08T01:08:11.787931Z,price_change,0.23,BUY,700,0.28,0.3000
2026-01-08T01:08:11.788634Z,price_change,0.4100,SELL,700,0.28,0.3000
2026-01-08T01:08:12.314396Z,price_change,0.8700,SELL,-52,0.28,0.3000
2026-01-08T01:08:12.316049Z,price_change,0.6200,SELL,-103,0.28,0.3000
2026-01-08T01:08:12.527683Z,price_change,0.6400,SELL,153,0.28,0.3000
2026-01-08T01:08:12.569528Z,price_change,0.3300,SELL,-24714,0.28,0.3000
2026-01-08T01:08:12.570943Z,price_change,0.3100,SELL,-24714,0.28,0.3000
2026-01-08T01:08:12.572907Z,price_change,0.27,BUY,-24714,0.28,0.3000
2026-01-08T01:08:12.573798Z,price_change,0.3300,SELL,-24714,0.28,0.3000
2026-01-08T01:08:12.600304Z,price_change,0.3000,SELL,-1,0.28,0.3000
1767834492,last_trade_price,0.3,BUY,1,0.28,0.3000
2026-01-08T01:08:12.626082Z,price_change,0.3000,SELL,24714,0.28,0.3000
2026-01-08T01:08:12.626099Z,price_change,0.3200,SELL,24714,0.28,0.3000
2026-01-08T01:08:12.898337Z,price_change,0.3100,SELL,-1,0.28,0.3000
2026-01-08T01:08:12.95638Z,price_change,0.25,BUY,100,0.28,0.3000
2026-01-08T01:08:13.316401Z,price_change,0.3000,SELL,-50,0.28,0.3000
1767834493,last_trade_price,0.3,BUY,50,0.28,0.3000
2026-01-08T01:08:13.34981Z,price_change,0.3000,SELL,-9,0.28,0.3000
1767834493,last_trade_price,0.3,BUY,9,0.28,0.3000
2026-01-08T01:08:14.000073Z,price_change,0.4100,SELL,-700,0.28,0.3000
2026-01-08T01:08:14.000073Z,price_change,0.23,BUY,-700,0.28,0.3000
2026-01-08T01:08:14.488158Z,price_change,0.5000,SELL,31,0.28,0.3000
2026-01-08T01:08:14.542405Z,price_change,0.3000,SELL,-24714,0.28,0.3000
2026-01-08T01:08:14.565699Z,price_change,0.3200,SELL,-24714,0.28,0.3000
2026-01-08T01:08:14.60185Z,price_change,0.3300,SELL,24714,0.28,0.3000
2026-01-08T01:08:14.605438Z,price_change,0.3300,SELL,24714,0.28,0.3000
2026-01-08T01:08:14.607557Z,price_change,0.3100,SELL,24714,0.28,0.3000
2026-01-08T01:08:15.593261Z,price_change,0.4000,SELL,154,0.28,0.3000
2026-01-08T01:08:16.158197Z,price_change,0.3000,SELL,-32,0.28,0.3000
1767834496,last_trade_price,0.3,BUY,32,0.28,0.3000
2026-01-08T01:08:16.407067Z,price_change,0.01,BUY,-500,0.28,0.3000
2026-01-08T01:08:16.837735Z,price_change,0.6400,SELL,-153,0.28,0.3000
2026-01-08T01:08:17.056099Z,price_change,0.6300,SELL,137,0.28,0.3000
2026-01-08T01:08:17.163086Z,price_change,0.3000,SELL,-25,0.28,0.3000
1767834497,last_trade_price,0.3,BUY,25,0.28,0.3000
2026-01-08T01:08:17.18671Z,price_change,0.3000,SELL,-1,0.28,0.3000
1767834497,last_trade_price,0.3,BUY,1,0.28,0.3000
,book,0.2900,BUY,4085,0.2900,0.31
,book,0.31,SELL,120022,0.2900,0.31
2026-01-08T01:10:33.065712Z,price_change,0.9600,SELL,53,0.29,0.3100
2026-01-08T01:10:33.155547Z,price_change,0.3300,SELL,-1901,0.29,0.3100
2026-01-08T01:10:33.188511Z,price_change,0.3100,SELL,1901,0.29,0.3100
2026-01-08T01:10:34.738254Z,price_change,0.23,BUY,700,0.29,0.3100
2026-01-08T01:10:34.742444Z,price_change,0.4200,SELL,700,0.29,0.3100
2026-01-08T01:10:35.250471Z,price_change,0.3100,SELL,-15,0.29,0.3100
1767834635,last_trade_price,0.31,BUY,15,0.29,0.3100
2026-01-08T01:10:35.97038Z,price_change,0.3,BUY,2500,0.3,0.3100
2026-01-08T01:10:36.004586Z,price_change,0.3100,SELL,-15000,0.3,0.3100
2026-01-08T01:10:36.033305Z,price_change,0.3200,SELL,15000,0.3,0.3100
2026-01-08T01:10:36.629747Z,price_change,0.3100,SELL,-6,0.3,0.3100
1767834636,last_trade_price,0.31,BUY,6,0.3,0.3100
2026-01-08T01:10:37.000061Z,price_change,0.23,BUY,-700,0.3,0.3100
2026-01-08T01:10:37.000061Z,price_change,0.4200,SELL,-700,0.3,0.3100
2026-01-08T01:10:37.054598Z,price_change,0.3100,SELL,-1901,0.3,0.3100
2026-01-08T01:10:37.093522Z,price_change,0.3200,SELL,1901,0.3,0.3100
2026-01-08T01:10:37.145663Z,price_change,0.3100,SELL,-446,0.3,0.3100
1767834637,last_trade_price,0.31,BUY,446,0.3,0.3100
2026-01-08T01:10:37.413464Z,price_change,0.3100,SELL,-76,0.3,0.3100
1767834637,last_trade_price,0.31,BUY,76,0.3,0.3100
2026-01-08T01:10:37.521572Z,price_change,0.3100,SELL,-3,0.3,0.3100
1767834637,last_trade_price,0.31,BUY,3,0.3,0.3100
2026-01-08T01:10:37.739843Z,price_change,0.3,BUY,-2500,0.29,0.3100
2026-01-08T01:10:37.739843Z,price_change,0.3000,SELL,2500,0.29,0.3000
1767834637,last_trade_price,0.7,SELL,2500,0.29,0.3000
2026-01-08T01:10:37.75099Z,price_change,0.28,BUY,-420,0.29,0.3000
2026-01-08T01:10:37.7538Z,price_change,0.3100,SELL,-1079,0.29,0.3000
2026-01-08T01:10:37.761013Z,price_change,0.27,BUY,420,0.29,0.3000
2026-01-08T01:10:37.766393Z,price_change,0.3000,SELL,1079,0.29,0.3000
2026-01-08T01:10:37.776598Z,price_change,0.3200,SELL,-15000,0.29,0.3000
2026-01-08T01:10:37.79442Z,price_change,0.3100,SELL,-24714,0.29,0.3000
2026-01-08T01:10:37.794515Z,price_change,0.3100,SELL,-24714,0.29,0.3000
2026-01-08T01:10:37.795389Z,price_change,0.3100,SELL,15000,0.29,0.3000
2026-01-08T01:10:37.796647Z,price_change,0.3300,SELL,-24714,0.29,0.3000
2026-01-08T01:10:37.797686Z,price_change,0.3300,SELL,-24714,0.29,0.3000
2026-01-08T01:10:37.821582Z,price_change,0.3200,SELL,-1901,0.29,0.3000
2026-01-08T01:10:37.830416Z,price_change,0.3200,SELL,24714,0.29,0.3000
2026-01-08T01:10:37.844002Z,price_change,0.3000,SELL,24714,0.29,0.3000
2026-01-08T01:10:37.881301Z,price_change,0.3300,SELL,1901,0.29,0.3000
2026-01-08T01:10:38.178045Z,price_change,0.3200,SELL,-1,0.29,0.3000
2026-01-08T01:10:38.178045Z,price_change,0.3100,SELL,1,0.29,0.3000
2026-01-08T01:10:38.776806Z,price_change,0.3300,SELL,-1901,0.29,0.3000
2026-01-08T01:10:38.815754Z,price_change,0.3100,SELL,1901,0.29,0.3000
2026-01-08T01:10:40.633918Z,price_change,0.3000,SELL,-3,0.29,0.3000
1767834640,last_trade_price,0.3,BUY,3,0.29,0.3000
2026-01-08T01:10:41.045142Z,price_change,0.3100,SELL,-50,0.29,0.3000
2026-01-08T01:10:41.630904Z,price_change,0.3000,SELL,-317,0.29,0.3000
1767834641,last_trade_price,0.3,BUY,317,0.29,0.3000
2026-01-08T01:10:41.64974Z,price_change,0.3000,SELL,-73,0.29,0.3000
1767834641,last_trade_price,0.3,BUY,73,0.29,0.3000
2026-01-08T01:10:41.92771Z,price_change,0.9200,SELL,-59,0.29,0.3000
2026-01-08T01:10:42.020185Z,price_change,0.6400,SELL,-57,0.29,0.3000
2026-01-08T01:10:42.246606Z,price_change,0.5000,SELL,-11,0.29,0.3000
2026-01-08T01:10:42.448989Z,price_change,0.3000,SELL,-625,0.29,0.3000
1767834642,last_trade_price,0.3,BUY,625,0.29,0.3000
2026-01-08T01:10:42.675975Z,price_change,0.3000,SELL,-156,0.29,0.3000
1767834642,last_trade_price,0.3,BUY,156,0.29,0.3000
2026-01-08T01:10:42.941666Z,price_change,0.3000,SELL,-158,0.29,0.3000
1767834642,last_trade_price,0.3,BUY,158,0.29,0.3000
2026-01-08T01:10:44.425294Z,price_change,0.3000,SELL,-15,0.29,0.3000
1767834644,last_trade_price,0.3,BUY,15,0.29,0.3000
2026-01-08T01:10:45.176518Z,price_change,0.3000,SELL,-31,0.29,0.3000
1767834645,last_trade_price,0.3,BUY,31,0.29,0.3000
2026-01-08T01:10:45.207706Z,price_change,0.3000,SELL,-22,0.29,0.3000
1767834645,last_trade_price,0.3,BUY,22,0.29,0.3000
2026-01-08T01:10:46.085618Z,price_change,0.8100,SELL,50,0.29,0.3000
2026-01-08T01:10:46.966344Z,price_change,0.3000,SELL,-3,0.29,0.3000
1767834646,last_trade_price,0.3,BUY,3,0.29,0.3000
2026-01-08T01:10:47.546276Z,price_change,0.3000,SELL,-10,0.29,0.3000
1767834647,last_trade_price,0.3,BUY,10,0.29,0.3000
2026-01-08T01:10:47.931503Z,price_change,0.3000,SELL,-15,0.29,0.3000
1767834647,last_trade_price,0.3,BUY,15,0.29,0.3000
2026-01-08T01:10:49.262131Z,price_change,0.3000,SELL,-3,0.29,0.3000
1767834649,last_trade_price,0.3,BUY,3,0.29,0.3000
2026-01-08T01:10:49.450038Z,price_change,0.3000,SELL,15,0.29,0.3000
2026-01-08T01:10:49.753129Z,price_change,0.3000,SELL,-9,0.29,0.3000
1767834649,last_trade_price,0.3,BUY,9,0.29,0.3000
2026-01-08T01:10:49.887518Z,price_change,0.23,BUY,700,0.29,0.3000
2026-01-08T01:10:49.889764Z,price_change,0.4100,SELL,700,0.29,0.3000
2026-01-08T01:10:51.842812Z,price_change,0.3000,SELL,-156,0.29,0.3000
1767834651,last_trade_price,0.3,BUY,156,0.29,0.3000
2026-01-08T01:10:52.00098Z,price_change,0.4100,SELL,-700,0.29,0.3000
2026-01-08T01:10:52.00098Z,price_change,0.23,BUY,-700,0.29,0.3000
2026-01-08T01:10:52.045361Z,price_change,0.3000,SELL,-31,0.29,0.3000
1767834652,last_trade_price,0.3,BUY,31,0.29,0.3000
2026-01-08T01:10:52.172839Z,price_change,0.3000,SELL,-6,0.29,0.3000
1767834652,last_trade_price,0.3,BUY,6,0.29,0.3000
2026-01-08T01:10:52.673325Z,price_change,0.3000,SELL,-15,0.29,0.3000
1767834652,last_trade_price,0.3,BUY,15,0.29,0.3000
2026-01-08T01:10:54.0165Z,price_change,0.3000,SELL,-30,0.29,0.3000
1767834654,last_trade_price,0.3,BUY,30,0.29,0.3000
2026-01-08T01:10:54.137655Z,price_change,0.3000,SELL,-6,0.29,0.3000
1767834654,last_trade_price,0.3,BUY,6,0.29,0.3000
2026-01-08T01:10:54.766693Z,price_change,0.3000,SELL,-41,0.29,0.3000
1767834654,last_trade_price,0.3,BUY,41,0.29,0.3000
2026-01-08T01:10:56.121132Z,price_change,0.3000,SELL,-3,0.29,0.3000
1767834656,last_trade_price,0.3,BUY,3,0.29,0.3000
2026-01-08T01:10:56.443052Z,price_change,0.3000,SELL,-15,0.29,0.3000
1767834656,last_trade_price,0.3,BUY,15,0.29,0.3000
2026-01-08T01:10:56.718019Z,price_change,0.3000,SELL,-78,0.29,0.3000
1767834656,last_trade_price,0.3,BUY,78,0.29,0.3000
2026-01-08T01:10:56.952982Z,price_change,0.3000,SELL,50,0.29,0.3000
2026-01-08T01:10:57.28289Z,price_change,0.3000,SELL,-15,0.29,0.3000
1767834657,last_trade_price,0.3,BUY,15,0.29,0.3000
2026-01-08T01:10:57.856623Z,price_change,0.3000,SELL,-31,0.29,0.3000
1767834657,last_trade_price,0.3,BUY,31,0.29,0.3000
2026-01-08T01:10:58.483089Z,price_change,0.3000,SELL,-15,0.29,0.3000
1767834658,last_trade_price,0.3,BUY,15,0.29,0.3000
2026-01-08T01:10:59.563229Z,price_change,0.3000,SELL,-25,0.29,0.3000
1767834659,last_trade_price,0.3,BUY,25,0.29,0.3000
2026-01-08T01:11:00.352787Z,price_change,0.3000,SELL,-17,0.29,0.3000
1767834660,last_trade_price,0.3,BUY,17,0.29,0.3000
2026-01-08T01:11:01.385797Z,price_change,0.3000,SELL,-158,0.29,0.3000
1767834661,last_trade_price,0.3,BUY,158,0.29,0.3000
2026-01-08T01:11:02.096298Z,price_change,0.29,BUY,-37,0.29,0.3000
1767834662,last_trade_price,0.71,SELL,37,0.29,0.3000
2026-01-08T01:11:02.553137Z,price_change,0.3000,SELL,-96,0.29,0.3000
1767834662,last_trade_price,0.3,BUY,96,0.29,0.3000
2026-01-08T01:11:02.775689Z,price_change,0.3000,SELL,-31,0.29,0.3000
1767834662,last_trade_price,0.3,BUY,31,0.29,0.3000
2026-01-08T01:11:03.189414Z,price_change,0.3000,SELL,-6,0.29,0.3000
1767834663,last_trade_price,0.3,BUY,6,0.29,0.3000
2026-01-08T01:11:03.2527Z,price_change,0.3000,SELL,-75,0.29,0.3000
1767834663,last_trade_price,0.3,BUY,75,0.29,0.3000
2026-01-08T01:11:03.853494Z,price_change,0.19,BUY,-580,0.29,0.3000
2026-01-08T01:11:04.85785Z,price_change,0.3000,SELL,-31,0.29,0.3000
1767834664,last_trade_price,0.3,BUY,31,0.29,0.3000
2026-01-08T01:11:05.080586Z,price_change,0.4100,SELL,700,0.29,0.3000
2026-01-08T01:11:05.08355Z,price_change,0.23,BUY,700,0.29,0.3000
2026-01-08T01:11:05.374586Z,price_change,0.3000,SELL,-179,0.29,0.3000
2026-01-08T01:11:05.374586Z,price_change,0.3000,SELL,-1079,0.29,0.3000
2026-01-08T01:11:05.374586Z,price_change,0.3000,SELL,-3508,0.29,0.3000
1767834665,last_trade_price,0.3,BUY,179,0.29,0.3000
1767834665,last_trade_price,0.3,BUY,1079,0.29,0.3000
1767834665,last_trade_price,0.3,BUY,3508,0.29,0.3000
2026-01-08T01:11:05.375607Z,price_change,0.3000,SELL,-3125,0.29,0.3000
1767834665,last_trade_price,0.3,BUY,3125,0.29,0.3000
2026-01-08T01:11:05.384237Z,price_change,0.3000,SELL,1079,0.29,0.3000
2026-01-08T01:11:05.386909Z,price_change,0.27,BUY,-420,0.29,0.3000
2026-01-08T01:11:05.388541Z,price_change,0.3000,SELL,-1079,0.29,0.3000
2026-01-08T01:11:05.399685Z,price_change,0.29,BUY,960,0.29,0.3000
2026-01-08T01:11:05.400963Z,price_change,0.3200,SELL,540,0.29,0.3000
2026-01-08T01:11:05.411107Z,price_change,0.3200,SELL,-24714,0.29,0.3000
2026-01-08T01:11:05.411282Z,price_change,0.3000,SELL,-18081,0.29,0.3000
2026-01-08T01:11:05.413161Z,price_change,0.3100,SELL,-1901,0.29,0.3000
2026-01-08T01:11:05.452004Z,price_change,0.3300,SELL,24714,0.29,0.3000
2026-01-08T01:11:05.452468Z,price_change,0.3300,SELL,24714,0.29,0.3000
2026-01-08T01:11:05.452589Z,price_change,0.3100,SELL,24714,0.29,0.3000
2026-01-08T01:11:05.454866Z,price_change,0.3100,SELL,24714,0.29,0.3000
2026-01-08T01:11:05.46685Z,price_change,0.3300,SELL,1901,0.29,0.3000
2026-01-08T01:11:05.663797Z,price_change,0.3000,SELL,-1,0.29,0.3000
1767834665,last_trade_price,0.3,BUY,1,0.29,0.3000
2026-01-08T01:11:05.706561Z,price_change,0.3000,SELL,-14,0.29,0.3000
2026-01-08T01:11:05.706561Z,price_change,0.3000,SELL,-1,0.29,0.3000
1767834665,last_trade_price,0.3,BUY,14,0.29,0.3000
1767834665,last_trade_price,0.3,BUY,1,0.29,0.3000
2026-01-08T01:11:07.122259Z,price_change,0.3000,SELL,-49,0.29,0.3100
2026-01-08T01:11:07.122259Z,price_change,0.3100,SELL,-11,0.29,0.3100
1767834667,last_trade_price,0.3,BUY,49,0.29,0.3100
1767834667,last_trade_price,0.31,BUY,11,0.29,0.3100
2026-01-08T01:11:07.163199Z,price_change,0.3300,SELL,-1901,0.29,0.3100
2026-01-08T01:11:07.199788Z,price_change,0.3300,SELL,1901,0.29,0.3100
2026-01-08T01:11:08.00012Z,price_change,0.4100,SELL,-700,0.29,0.3100
2026-01-08T01:11:08.00012Z,price_change,0.23,BUY,-700,0.29,0.3100
2026-01-08T01:11:08.042323Z,price_change,0.3300,SELL,-1901,0.29,0.3100
2026-01-08T01:11:08.078519Z,price_change,0.3100,SELL,1901,0.29,0.3100
2026-01-08T01:11:09.100936Z,price_change,0.3100,SELL,-15,0.29,0.3100
1767834669,last_trade_price,0.31,BUY,15,0.29,0.3100
2026-01-08T01:11:09.250087Z,price_change,0.3100,SELL,-6,0.29,0.3100
1767834669,last_trade_price,0.31,BUY,6,0.29,0.3100
2026-01-08T01:11:10.573483Z,price_change,0.3100,SELL,-272,0.29,0.3100
1767834670,last_trade_price,0.31,BUY,272,0.29,0.3100
2026-01-08T01:11:11.673288Z,price_change,0.3100,SELL,-43,0.29,0.3100
1767834671,last_trade_price,0.31,BUY,43,0.29,0.3100
2026-01-08T01:11:11.828288Z,price_change,0.9700,SELL,-61,0.29,0.3100
2026-01-08T01:11:11.829717Z,price_change,0.8100,SELL,-50,0.29,0.3100
2026-01-08T01:11:12.162544Z,price_change,0.3100,SELL,-250,0.29,0.3100
1767834672,last_trade_price,0.31,BUY,250,0.29,0.3100
2026-01-08T01:11:12.966366Z,price_change,0.3100,SELL,5000,0.29,0.3100
2026-01-08T01:11:13.482732Z,price_change,0.6400,SELL,51,0.29,0.3100
2026-01-08T01:11:13.81301Z,price_change,0.3100,SELL,-75,0.29,0.3100
1767834673,last_trade_price,0.31,BUY,75,0.29,0.3100
2026-01-08T01:11:14.201624Z,price_change,0.9900,SELL,49,0.29,0.3100
2026-01-08T01:11:16.235604Z,price_change,0.3100,SELL,-30,0.29,0.3100
1767834676,last_trade_price,0.31,BUY,30,0.29,0.3100
2026-01-08T01:11:16.385064Z,price_change,0.29,BUY,-3,0.29,0.3100
1767834676,last_trade_price,0.71,SELL,3,0.29,0.3100
2026-01-08T01:11:17.360469Z,price_change,0.29,BUY,-4,0.29,0.3100
1767834677,last_trade_price,0.71,SELL,4,0.29,0.3100
2026-01-08T01:11:17.531015Z,price_change,0.3,BUY,1000,0.3,0.3100
2026-01-08T01:11:17.567341Z,price_change,0.3100,SELL,-15000,0.3,0.3100
2026-01-08T01:11:17.586199Z,price_change,0.3200,SELL,15000,0.3,0.3100
2026-01-08T01:11:17.633799Z,price_change,0.9200,SELL,56,0.3,0.3100
2026-01-08T01:11:17.801988Z,price_change,0.3100,SELL,-90,0.3,0.3100
1767834677,last_trade_price,0.31,BUY,90,0.3,0.3100
2026-01-08T01:11:18.679505Z,price_change,0.3,BUY,-330,0.3,0.3100
1767834678,last_trade_price,0.7,SELL,330,0.3,0.3100
2026-01-08T01:11:18.969751Z,price_change,0.3100,SELL,-1,0.3,0.3100
2026-01-08T01:11:18.969751Z,price_change,0.3200,SELL,1,0.3,0.3100
2026-01-08T01:11:19.021155Z,price_change,0.3100,SELL,-1901,0.3,0.3100
2026-01-08T01:11:19.056115Z,price_change,0.3200,SELL,1901,0.3,0.3100
2026-01-08T01:11:19.40206Z,price_change,0.6400,SELL,-51,0.3,0.3100
2026-01-08T01:11:19.570004Z,price_change,0.6300,SELL,50,0.3,0.3100
2026-01-08T01:11:19.889313Z,price_change,0.3100,SELL,-46,0.3,0.3100
1767834679,last_trade_price,0.31,BUY,46,0.3,0.3100
2026-01-08T01:11:20.341973Z,price_change,0.4200,SELL,700,0.3,0.3100
2026-01-08T01:11:20.353707Z,price_change,0.25,BUY,700,0.3,0.3100
2026-01-08T01:11:20.442615Z,price_change,0.3100,SELL,-29,0.3,0.3100
1767834680,last_trade_price,0.31,BUY,29,0.3,0.3100
2026-01-08T01:11:21.042156Z,price_change,0.3100,SELL,-50,0.3,0.3100
1767834681,last_trade_price,0.31,BUY,50,0.3,0.3100
2026-01-08T01:11:21.774225Z,price_change,0.3100,SELL,-9,0.3,0.3100
1767834681,last_trade_price,0.31,BUY,9,0.3,0.3100
2026-01-08T01:11:22.491424Z,price_change,0.3,BUY,-155,0.3,0.3100
1767834682,last_trade_price,0.7,SELL,155,0.3,0.3100
2026-01-08T01:11:22.522624Z,price_change,0.3200,SELL,-15000,0.3,0.3100
2026-01-08T01:11:22.541806Z,price_change,0.3100,SELL,15000,0.3,0.3100
2026-01-08T01:11:22.629619Z,price_change,0.3200,SELL,-1901,0.3,0.3100
2026-01-08T01:11:22.693673Z,price_change,0.3300,SELL,1901,0.3,0.3100
2026-01-08T01:11:23.000591Z,price_change,0.9600,SELL,-53,0.3,0.3100
2026-01-08T01:11:23.000591Z,price_change,0.4200,SELL,-700,0.3,0.3100
2026-01-08T01:11:23.000591Z,price_change,0.25,BUY,-700,0.3,0.3100
2026-01-08T01:11:23.033107Z,price_change,0.3100,SELL,-606,0.3,0.3100
1767834683,last_trade_price,0.31,BUY,606,0.3,0.3100
2026-01-08T01:11:23.051156Z,price_change,0.3300,SELL,-1901,0.3,0.3100
2026-01-08T01:11:23.087341Z,price_change,0.3300,SELL,1901,0.3,0.3100
2026-01-08T01:11:23.422708Z,price_change,0.3,BUY,-50,0.3,0.3100
1767834683,last_trade_price,0.7,SELL,50,0.3,0.3100
2026-01-08T01:11:23.471177Z,price_change,0.3300,SELL,-1901,0.3,0.3100
2026-01-08T01:11:23.501338Z,price_change,0.3100,SELL,1901,0.3,0.3100
2026-01-08T01:11:24.096445Z,price_change,0.3100,SELL,-9,0.3,0.3100
1767834684,last_trade_price,0.31,BUY,9,0.3,0.3100
2026-01-08T01:11:26.266379Z,price_change,0.9600,SELL,64,0.3,0.3100
2026-01-08T01:11:26.268618Z,price_change,0.3100,SELL,-46,0.3,0.3100
1767834686,last_trade_price,0.31,BUY,46,0.3,0.3100
2026-01-08T01:11:26.483358Z,price_change,0.3100,SELL,-1,0.3,0.3100
1767834686,last_trade_price,0.31,BUY,1,0.3,0.3100
2026-01-08T01:11:27.455862Z,price_change,0.3100,SELL,-5,0.3,0.3100
1767834687,last_trade_price,0.31,BUY,5,0.3,0.3100
2026-01-08T01:11:27.99469Z,price_change,0.3100,SELL,-171,0.3,0.3100
1767834687,last_trade_price,0.31,BUY,171,0.3,0.3100
2026-01-08T01:11:28.457636Z,price_change,0.3200,SELL,7423,0.3,0.3100
2026-01-08T01:11:28.607506Z,price_change,0.3400,SELL,-6877,0.3,0.3100
2026-01-08T01:11:30.408053Z,price_change,0.3100,SELL,-61,0.3,0.3100
1767834690,last_trade_price,0.31,BUY,61,0.3,0.3100
2026-01-08T01:11:30.454978Z,price_change,0.3200,SELL,-1,0.3,0.3100
2026-01-08T01:11:30.454978Z,price_change,0.3100,SELL,1,0.3,0.3100
2026-01-08T01:11:30.488679Z,price_change,0.3100,SELL,-3,0.3,0.3100
1767834690,last_trade_price,0.31,BUY,3,0.3,0.3100
2026-01-08T01:11:30.492856Z,price_change,0.3100,SELL,-61,0.3,0.3100
1767834690,last_trade_price,0.31,BUY,61,0.3,0.3100
2026-01-08T01:11:30.853801Z,price_change,0.3100,SELL,-2,0.3,0.3100
1767834690,last_trade_price,0.31,BUY,2,0.3,0.3100
2026-01-08T01:11:31.400971Z,price_change,0.3100,SELL,-30,0.3,0.3100
1767834691,last_trade_price,0.31,BUY,30,0.3,0.3100
2026-01-08T01:11:32.305825Z,price_change,0.3100,SELL,-12,0.3,0.3100
1767834692,last_trade_price,0.31,BUY,12,0.3,0.3100
2026-01-08T01:11:32.358698Z,price_change,0.3100,SELL,-1,0.3,0.3100
2026-01-08T01:11:32.358698Z,price_change,0.3200,SELL,1,0.3,0.3100
2026-01-08T01:11:32.687698Z,price_change,0.3100,SELL,-442,0.3,0.3100
1767834692,last_trade_price,0.31,BUY,442,0.3,0.3100
2026-01-08T01:11:32.98886Z,price_change,0.3100,SELL,-9,0.3,0.3100
1767834692,last_trade_price,0.31,BUY,9,0.3,0.3100
2026-01-08T01:11:33.510863Z,price_change,0.3100,SELL,-15,0.3,0.3100
1767834693,last_trade_price,0.31,BUY,15,0.3,0.3100
2026-01-08T01:11:33.665609Z,price_change,0.3100,SELL,-38,0.3,0.3100
1767834693,last_trade_price,0.31,BUY,38,0.3,0.3100
2026-01-08T01:11:33.728831Z,price_change,0.3100,SELL,-30,0.3,0.3100
1767834693,last_trade_price,0.31,BUY,30,0.3,0.3100
2026-01-08T01:11:33.750694Z,price_change,0.3100,SELL,-15,0.3,0.3100
1767834693,last_trade_price,0.31,BUY,15,0.3,0.3100
2026-01-08T01:11:34.149413Z,price_change,0.3100,SELL,-6,0.3,0.3100
1767834694,last_trade_price,0.31,BUY,6,0.3,0.3100
2026-01-08T01:11:34.37973Z,price_change,0.3100,SELL,-5,0.3,0.3100
1767834694,last_trade_price,0.31,BUY,5,0.3,0.3100
2026-01-08T01:11:34.389151Z,price_change,0.3100,SELL,-9,0.3,0.3100
1767834694,last_trade_price,0.31,BUY,9,0.3,0.3100
2026-01-08T01:11:35.058224Z,price_change,0.4500,SELL,-1,0.3,0.3100
2026-01-08T01:11:35.087124Z,price_change,0.3100,SELL,-15,0.3,0.3100
1767834695,last_trade_price,0.31,BUY,15,0.3,0.3100
2026-01-08T01:11:35.589591Z,price_change,0.4200,SELL,700,0.3,0.3100
2026-01-08T01:11:35.59176Z,price_change,0.25,BUY,700,0.3,0.3100
2026-01-08T01:11:37.034136Z,price_change,0.6300,SELL,-50,0.3,0.3100
2026-01-08T01:11:37.218642Z,price_change,0.3100,SELL,-9,0.3,0.3100
1767834697,last_trade_price,0.31,BUY,9,0.3,0.3100
2026-01-08T01:11:37.218853Z,price_change,0.3,BUY,-451,0.3,0.3100
1767834697,last_trade_price,0.7,SELL,451,0.3,0.3100
2026-01-08T01:11:37.311457Z,price_change,0.6400,SELL,55,0.3,0.3100
2026-01-08T01:11:37.325797Z,price_change,0.3100,SELL,-5,0.3,0.3100
1767834697,last_trade_price,0.31,BUY,5,0.3,0.3100
2026-01-08T01:11:38.000965Z,price_change,0.4200,SELL,-700,0.3,0.3100
2026-01-08T01:11:38.000965Z,price_change,0.25,BUY,-700,0.3,0.3100
2026-01-08T01:11:38.806355Z,price_change,0.3,BUY,-14,0.29,0.3100
2026-01-08T01:11:38.806355Z,price_change,0.3000,SELL,21,0.29,0.3000
1767834698,last_trade_price,0.7,SELL,14,0.29,0.3000
2026-01-08T01:11:39.076868Z,price_change,0.3000,SELL,-10,0.29,0.3000
1767834699,last_trade_price,0.3,BUY,10,0.29,0.3000
2026-01-08T01:11:39.915535Z,price_change,0.3000,SELL,-6,0.29,0.3000
1767834699,last_trade_price,0.3,BUY,6,0.29,0.3000
2026-01-08T01:11:40.012174Z,price_change,0.3200,SELL,-1,0.29,0.3000
2026-01-08T01:11:40.012174Z,price_change,0.3100,SELL,1,0.29,0.3000
2026-01-08T01:11:40.400398Z,price_change,0.3000,SELL,-5,0.29,0.3100
2026-01-08T01:11:40.400398Z,price_change,0.3100,SELL,-70,0.29,0.3100
1767834700,last_trade_price,0.3,BUY,5,0.29,0.3100
1767834700,last_trade_price,0.31,BUY,70,0.29,0.3100
2026-01-08T01:11:42.291325Z,price_change,0.3100,SELL,-6,0.29,0.3100
1767834702,last_trade_price,0.31,BUY,6,0.29,0.3100
2026-01-08T01:11:42.460313Z,price_change,0.3,BUY,100,0.3,0.3100
2026-01-08T01:11:42.588787Z,price_change,0.3100,SELL,-151,0.3,0.3100
1767834702,last_trade_price,0.31,BUY,151,0.3,0.3100
2026-01-08T01:11:42.872959Z,price_change,0.3100,SELL,-104,0.3,0.3100
1767834702,last_trade_price,0.31,BUY,104,0.3,0.3100
2026-01-08T01:11:42.997235Z,price_change,0.9600,SELL,-64,0.3,0.3100
2026-01-08T01:11:42.997997Z,price_change,0.9200,SELL,-56,0.3,0.3100
2026-01-08T01:11:43.565816Z,price_change,0.3100,SELL,-30,0.3,0.3100
1767834703,last_trade_price,0.31,BUY,30,0.3,0.3100
2026-01-08T01:11:44.047914Z,price_change,0.3100,SELL,-25,0.3,0.3100
1767834704,last_trade_price,0.31,BUY,25,0.3,0.3100
2026-01-08T01:11:44.430783Z,price_change,0.3100,SELL,-3,0.3,0.3100
1767834704,last_trade_price,0.31,BUY,3,0.3,0.3100
2026-01-08T01:11:44.930898Z,price_change,0.3100,SELL,-30,0.3,0.3100
1767834704,last_trade_price,0.31,BUY,30,0.3,0.3100
2026-01-08T01:11:45.203293Z,price_change,0.3100,SELL,-36,0.3,0.3100
1767834705,last_trade_price,0.31,BUY,36,0.3,0.3100
2026-01-08T01:11:45.288654Z,price_change,0.3800,SELL,-700,0.3,0.3100
2026-01-08T01:11:45.854795Z,price_change,0.3100,SELL,-300,0.3,0.3100
1767834705,last_trade_price,0.31,BUY,300,0.3,0.3100
2026-01-08T01:11:45.969572Z,price_change,0.3400,SELL,500,0.3,0.3100
2026-01-08T01:11:46.477726Z,price_change,0.3,BUY,-50,0.3,0.3100
1767834706,last_trade_price,0.7,SELL,50,0.3,0.3100
2026-01-08T01:11:47.065169Z,price_change,0.7000,SELL,1,0.3,0.3100
2026-01-08T01:11:47.467045Z,price_change,0.6400,SELL,-55,0.3,0.3100
2026-01-08T01:11:47.47181Z,price_change,0.3400,SELL,-500,0.3,0.3100
2026-01-08T01:11:49.388061Z,price_change,0.3100,SELL,-15,0.3,0.3100
1767834709,last_trade_price,0.31,BUY,15,0.3,0.3100
2026-01-08T01:11:49.984726Z,price_change,0.3100,SELL,-105,0.3,0.3100
1767834709,last_trade_price,0.31,BUY,105,0.3,0.3100
2026-01-08T01:11:50.04584Z,price_change,0.3100,SELL,-131,0.3,0.3100
1767834710,last_trade_price,0.31,BUY,131,0.3,0.3100
2026-01-08T01:11:50.737538Z,price_change,0.3100,SELL,-35,0.3,0.3100
1767834710,last_trade_price,0.31,BUY,35,0.3,0.3100
2026-01-08T01:11:50.782575Z,price_change,0.25,BUY,700,0.3,0.3100
2026-01-08T01:11:50.782837Z,price_change,0.4200,SELL,700,0.3,0.3100
2026-01-08T01:11:51.047544Z,price_change,0.3,BUY,30,0.3,0.3100
2026-01-08T01:11:51.203224Z,price_change,0.3100,SELL,-606,0.3,0.3100
1767834711,last_trade_price,0.31,BUY,606,0.3,0.3100
2026-01-08T01:11:51.291907Z,price_change,0.3100,SELL,-1901,0.3,0.3100
2026-01-08T01:11:51.339586Z,price_change,0.3200,SELL,1901,0.3,0.3100
2026-01-08T01:11:51.504064Z,price_change,0.3100,SELL,-76,0.3,0.3100
1767834711,last_trade_price,0.31,BUY,76,0.3,0.3100
2026-01-08T01:11:51.763325Z,price_change,0.3100,SELL,-14,0.3,0.3100
1767834711,last_trade_price,0.31,BUY,14,0.3,0.3100
2026-01-08T01:11:52.796819Z,price_change,0.3100,SELL,-10,0.3,0.3100
1767834712,last_trade_price,0.31,BUY,10,0.3,0.3100
2026-01-08T01:11:53.000223Z,price_change,0.4200,SELL,-700,0.3,0.3100
2026-01-08T01:11:53.000223Z,price_change,0.25,BUY,-700,0.3,0.3100
2026-01-08T01:11:53.159001Z,price_change,0.3200,SELL,-1901,0.3,0.3100
2026-01-08T01:11:53.308236Z,price_change,0.3100,SELL,-20,0.3,0.3100
1767834713,last_trade_price,0.31,BUY,20,0.3,0.3100
2026-01-08T01:11:53.362115Z,price_change,0.3100,SELL,1901,0.3,0.3100
2026-01-08T01:11:54.455965Z,price_change,0.3300,SELL,-89,0.3,0.3100
2026-01-08T01:11:54.455965Z,price_change,0.3600,SELL,89,0.3,0.3100
2026-01-08T01:11:54.536958Z,price_change,0.3,BUY,1,0.3,0.3100
2026-01-08T01:11:54.553645Z,price_change,0.28,BUY,100,0.3,0.3100
2026-01-08T01:11:55.998673Z,price_change,0.3100,SELL,-9,0.3,0.3100
1767834715,last_trade_price,0.31,BUY,9,0.3,0.3100
2026-01-08T01:11:56.524947Z,price_change,0.3100,SELL,-500,0.3,0.3100
1767834716,last_trade_price,0.31,BUY,500,0.3,0.3100
2026-01-08T01:11:56.5692Z,price_change,0.3100,SELL,-1901,0.3,0.3100
2026-01-08T01:11:56.606634Z,price_change,0.3200,SELL,1901,0.3,0.3100
2026-01-08T01:11:56.64696Z,price_change,0.3100,SELL,-61,0.3,0.3100
1767834716,last_trade_price,0.31,BUY,61,0.3,0.3100
2026-01-08T01:11:56.951519Z,price_change,0.3100,SELL,-30,0.3,0.3100
1767834716,last_trade_price,0.31,BUY,30,0.3,0.3100
2026-01-08T01:11:57.049248Z,price_change,0.3100,SELL,-3,0.3,0.3100
1767834717,last_trade_price,0.31,BUY,3,0.3,0.3100
2026-01-08T01:11:57.240497Z,price_change,0.3200,SELL,-1901,0.3,0.3100
2026-01-08T01:11:57.268234Z,price_change,0.3,BUY,-20,0.3,0.3100
1767834717,last_trade_price,0.7,SELL,20,0.3,0.3100
2026-01-08T01:11:57.287963Z,price_change,0.3100,SELL,1901,0.3,0.3100
2026-01-08T01:11:58.020385Z,price_change,0.4000,SELL,-370,0.3,0.3100
2026-01-08T01:11:58.362208Z,price_change,0.3100,SELL,-9,0.3,0.3100
1767834718,last_trade_price,0.31,BUY,9,0.3,0.3100
2026-01-08T01:11:58.510679Z,price_change,0.3100,SELL,-15,0.3,0.3100
1767834718,last_trade_price,0.31,BUY,15,0.3,0.3100
2026-01-08T01:11:58.615351Z,price_change,0.3,BUY,-30,0.3,0.3100
2026-01-08T01:11:58.615351Z,price_change,0.3,BUY,-30,0.3,0.3100
2026-01-08T01:11:58.615351Z,price_change,0.3,BUY,-1,0.29,0.3100
1767834718,last_trade_price,0.7,SELL,30,0.29,0.3100
1767834718,last_trade_price,0.7,SELL,30,0.29,0.3100
1767834718,last_trade_price,0.7,SELL,1,0.29,0.3100
2026-01-08T01:12:00.699556Z,price_change,0.29,BUY,-357,0.29,0.3100
1767834720,last_trade_price,0.71,SELL,357,0.29,0.3100
2026-01-08T01:12:03.094637Z,price_change,0.3100,SELL,-9,0.29,0.3100
1767834723,last_trade_price,0.31,BUY,9,0.29,0.3100
2026-01-08T01:12:03.683882Z,price_change,0.3100,SELL,-67,0.29,0.3100
1767834723,last_trade_price,0.31,BUY,67,0.29,0.3100
2026-01-08T01:12:03.71429Z,price_change,0.3100,SELL,-90,0.29,0.3100
1767834723,last_trade_price,0.31,BUY,90,0.29,0.3100
2026-01-08T01:12:04.52016Z,price_change,0.3100,SELL,-30,0.29,0.3100
1767834724,last_trade_price,0.31,BUY,30,0.29,0.3100
2026-01-08T01:12:05.805543Z,price_change,0.3100,SELL,-153,0.29,0.3100
1767834725,last_trade_price,0.31,BUY,153,0.29,0.3100
2026-01-08T01:12:05.98005Z,price_change,0.3100,SELL,-6,0.29,0.3100
1767834725,last_trade_price,0.31,BUY,6,0.29,0.3100
2026-01-08T01:12:06.185284Z,price_change,0.3100,SELL,-15,0.29,0.3100
1767834726,last_trade_price,0.31,BUY,15,0.29,0.3100
2026-01-08T01:12:06.32326Z,price_change,0.3100,SELL,-30,0.29,0.3100
1767834726,last_trade_price,0.31,BUY,30,0.29,0.3100
,book,0.2800,BUY,100637,0.2800,0.3
,book,0.3,SELL,53009,0.2800,0.3
2026-01-08T01:18:10.11512Z,price_change,0.3000,SELL,-19,0.28,0.3000
1767835090,last_trade_price,0.3,BUY,19,0.28,0.3000
2026-01-08T01:18:10.93015Z,price_change,0.2,BUY,-50,0.28,0.3000
2026-01-08T01:18:12.889513Z,price_change,0.3000,SELL,-9,0.28,0.3000
1767835092,last_trade_price,0.3,BUY,9,0.28,0.3000
2026-01-08T01:18:13.144903Z,price_change,0.3000,SELL,-63,0.28,0.3000
1767835093,last_trade_price,0.3,BUY,63,0.28,0.3000
2026-01-08T01:18:13.499368Z,price_change,0.3000,SELL,-15,0.28,0.3000
1767835093,last_trade_price,0.3,BUY,15,0.28,0.3000
2026-01-08T01:18:13.58822Z,price_change,0.23,BUY,781,0.28,0.3000
2026-01-08T01:18:13.612868Z,price_change,0.4100,SELL,781,0.28,0.3000
2026-01-08T01:18:14.274643Z,price_change,0.3000,SELL,-62,0.28,0.3000
1767835094,last_trade_price,0.3,BUY,62,0.28,0.3000
2026-01-08T01:18:14.476754Z,price_change,0.25,BUY,-2000,0.28,0.3000
2026-01-08T01:18:14.811757Z,price_change,0.28,BUY,-377,0.28,0.3000
1767835094,last_trade_price,0.72,SELL,377,0.28,0.3000
2026-01-08T01:18:15.210348Z,price_change,0.25,BUY,2000,0.28,0.3000
2026-01-08T01:18:15.910083Z,price_change,0.3000,SELL,-88,0.28,0.3000
1767835095,last_trade_price,0.3,BUY,88,0.28,0.3000
2026-01-08T01:18:16.000529Z,price_change,0.23,BUY,-781,0.28,0.3000
2026-01-08T01:18:16.000529Z,price_change,0.4100,SELL,-781,0.28,0.3000
2026-01-08T01:18:17.163547Z,price_change,0.3000,SELL,-2,0.28,0.3000
1767835097,last_trade_price,0.3,BUY,2,0.28,0.3000
2026-01-08T01:18:18.225054Z,price_change,0.3000,SELL,-156,0.28,0.3000
1767835098,last_trade_price,0.3,BUY,156,0.28,0.3000
2026-01-08T01:18:20.910166Z,price_change,0.3000,SELL,-15,0.28,0.3000
1767835100,last_trade_price,0.3,BUY,15,0.28,0.3000
2026-01-08T01:18:22.912996Z,price_change,0.3000,SELL,-196,0.28,0.3000
1767835102,last_trade_price,0.3,BUY,196,0.28,0.3000
2026-01-08T01:18:23.247909Z,price_change,0.3000,SELL,-14,0.28,0.3000
1767835103,last_trade_price,0.3,BUY,14,0.28,0.3000
2026-01-08T01:18:23.485077Z,price_change,0.28,BUY,-73,0.28,0.3000
1767835103,last_trade_price,0.72,SELL,73,0.28,0.3000
2026-01-08T01:18:23.783468Z,price_change,0.3000,SELL,-31,0.28,0.3000
1767835103,last_trade_price,0.3,BUY,31,0.28,0.3000
2026-01-08T01:18:24.003802Z,price_change,0.3000,SELL,-69,0.28,0.3000
1767835104,last_trade_price,0.3,BUY,69,0.28,0.3000
2026-01-08T01:18:25.463745Z,price_change,0.3000,SELL,-12,0.28,0.3000
1767835105,last_trade_price,0.3,BUY,12,0.28,0.3000
2026-01-08T01:18:25.601758Z,price_change,0.3000,SELL,-31,0.28,0.3000
1767835105,last_trade_price,0.3,BUY,31,0.28,0.3000
2026-01-08T01:18:25.712611Z,price_change,0.3500,SELL,132,0.28,0.3000
2026-01-08T01:18:26.367548Z,price_change,0.3000,SELL,-5,0.28,0.3000
1767835106,last_trade_price,0.3,BUY,5,0.28,0.3000
2026-01-08T01:18:27.398913Z,price_change,0.3000,SELL,-3,0.28,0.3000
1767835107,last_trade_price,0.3,BUY,3,0.28,0.3000
,book,0.2800,BUY,75113,0.2800,0.3
,book,0.3,SELL,70393,0.2800,0.3
2026-01-08T01:19:40.810817Z,price_change,0.3000,SELL,24714,0.28,0.3000
2026-01-08T01:19:41.216414Z,price_change,0.3000,SELL,-63,0.28,0.3000
1767835181,last_trade_price,0.3,BUY,63,0.28,0.3000
2026-01-08T01:19:42.033597Z,price_change,0.3000,SELL,-10,0.28,0.3000
1767835182,last_trade_price,0.3,BUY,10,0.28,0.3000
2026-01-08T01:19:42.159208Z,price_change,0.3000,SELL,-24714,0.28,0.3000
2026-01-08T01:19:42.925948Z,price_change,0.3000,SELL,-75,0.28,0.3000
1767835182,last_trade_price,0.3,BUY,75,0.28,0.3000
2026-01-08T01:19:43.708566Z,price_change,0.3000,SELL,-19,0.28,0.3000
1767835183,last_trade_price,0.3,BUY,19,0.28,0.3000
2026-01-08T01:19:43.992901Z,price_change,0.28,BUY,-15,0.28,0.3000
1767835183,last_trade_price,0.72,SELL,15,0.28,0.3000
2026-01-08T01:19:45.761383Z,price_change,0.6000,SELL,133,0.28,0.3000
2026-01-08T01:19:46.87421Z,price_change,0.3000,SELL,-18,0.28,0.3000
1767835186,last_trade_price,0.3,BUY,18,0.28,0.3000
2026-01-08T01:19:50.151159Z,price_change,0.3000,SELL,-151,0.28,0.3000
1767835190,last_trade_price,0.3,BUY,151,0.28,0.3000
2026-01-08T01:19:50.763559Z,price_change,0.3000,SELL,-31,0.28,0.3000
1767835190,last_trade_price,0.3,BUY,31,0.28,0.3000
2026-01-08T01:19:50.885777Z,price_change,0.4100,SELL,781,0.28,0.3000
2026-01-08T01:19:50.891369Z,price_change,0.23,BUY,781,0.28,0.3000
2026-01-08T01:19:53.00074Z,price_change,0.4100,SELL,-781,0.28,0.3000
2026-01-08T01:19:53.00074Z,price_change,0.23,BUY,-781,0.28,0.3000
2026-01-08T01:19:53.079182Z,price_change,0.3000,SELL,-30,0.28,0.3000
1767835193,last_trade_price,0.3,BUY,30,0.28,0.3000
2026-01-08T01:19:54.212593Z,price_change,0.3000,SELL,-3,0.28,0.3000
1767835194,last_trade_price,0.3,BUY,3,0.28,0.3000
2026-01-08T01:19:55.285737Z,price_change,0.3000,SELL,-31,0.28,0.3000
1767835195,last_trade_price,0.3,BUY,31,0.28,0.3000
2026-01-08T01:19:55.605634Z,price_change,0.28,BUY,-87,0.28,0.3000
1767835195,last_trade_price,0.72,SELL,87,0.28,0.3000
2026-01-08T01:19:55.654635Z,price_change,0.3000,SELL,24714,0.28,0.3000
2026-01-08T01:19:56.769986Z,price_change,0.3000,SELL,-12,0.28,0.3000
1767835196,last_trade_price,0.3,BUY,12,0.28,0.3000
2026-01-08T01:19:57.001788Z,price_change,0.3100,SELL,-7724,0.28,0.3000
2026-01-08T01:19:57.001788Z,price_change,0.26,BUY,-7200,0.28,0.3000
2026-01-08T01:19:57.203572Z,price_change,0.3000,SELL,-6,0.28,0.3000
1767835197,last_trade_price,0.3,BUY,6,0.28,0.3000
2026-01-08T01:19:57.260304Z,price_change,0.3000,SELL,-24714,0.28,0.3000
2026-01-08T01:19:58.414743Z,price_change,0.3000,SELL,24714,0.28,0.3000
2026-01-08T01:20:00.275645Z,price_change,0.3500,SELL,132,0.28,0.3000
2026-01-08T01:20:01.280784Z,price_change,0.3000,SELL,-79,0.28,0.3000
1767835201,last_trade_price,0.3,BUY,79,0.28,0.3000
2026-01-08T01:20:02.202842Z,price_change,0.3000,SELL,-31,0.28,0.3000
1767835202,last_trade_price,0.3,BUY,31,0.28,0.3000
2026-01-08T01:20:02.365101Z,price_change,0.3000,SELL,-15,0.28,0.3000
1767835202,last_trade_price,0.3,BUY,15,0.28,0.3000
2026-01-08T01:20:03.141154Z,price_change,0.3000,SELL,-15,0.28,0.3000
1767835203,last_trade_price,0.3,BUY,15,0.28,0.3000
2026-01-08T01:20:03.747083Z,price_change,0.3000,SELL,-31,0.28,0.3000
1767835203,last_trade_price,0.3,BUY,31,0.28,0.3000
2026-01-08T01:20:05.363927Z,price_change,0.3000,SELL,-156,0.28,0.3000
1767835205,last_trade_price,0.3,BUY,156,0.28,0.3000
2026-01-08T01:20:05.557823Z,price_change,0.3000,SELL,-31,0.28,0.3000
1767835205,last_trade_price,0.3,BUY,31,0.28,0.3000
2026-01-08T01:20:06.893445Z,price_change,0.3000,SELL,-100,0.28,0.3000
1767835206,last_trade_price,0.3,BUY,100,0.28,0.3000
2026-01-08T01:20:07.440526Z,price_change,0.4100,SELL,781,0.28,0.3000
2026-01-08T01:20:07.444498Z,price_change,0.23,BUY,781,0.28,0.3000
2026-01-08T01:20:07.979035Z,price_change,0.3000,SELL,-93,0.28,0.3000
1767835207,last_trade_price,0.3,BUY,93,0.28,0.3000
2026-01-08T01:20:10.000512Z,price_change,0.23,BUY,-781,0.28,0.3000
2026-01-08T01:20:10.000512Z,price_change,0.4100,SELL,-781,0.28,0.3000
2026-01-08T01:20:10.533615Z,price_change,0.3000,SELL,-10,0.28,0.3000
1767835210,last_trade_price,0.3,BUY,10,0.28,0.3000
2026-01-08T01:20:10.796818Z,price_change,0.3000,SELL,-155,0.28,0.3000
1767835210,last_trade_price,0.3,BUY,155,0.28,0.3000
2026-01-08T01:20:11.628919Z,price_change,0.3000,SELL,-30,0.28,0.3000
1767835211,last_trade_price,0.3,BUY,30,0.28,0.3000
2026-01-08T01:20:12.059498Z,price_change,0.3000,SELL,-25000,0.28,0.3000
2026-01-08T01:20:12.059643Z,price_change,0.3000,SELL,-17582,0.28,0.3000
2026-01-08T01:20:12.082831Z,price_change,0.3100,SELL,-15000,0.28,0.3000
2026-01-08T01:20:12.12007Z,price_change,0.3000,SELL,15000,0.28,0.3000
2026-01-08T01:20:12.124425Z,price_change,0.3000,SELL,-24714,0.28,0.3000
2026-01-08T01:20:12.125134Z,price_change,0.3000,SELL,-24714,0.28,0.3000
2026-01-08T01:20:12.125821Z,price_change,0.3200,SELL,-24714,0.28,0.3000
2026-01-08T01:20:12.126594Z,price_change,0.3000,SELL,-1901,0.28,0.3000
2026-01-08T01:20:12.319102Z,price_change,0.3000,SELL,24714,0.28,0.3000
2026-01-08T01:20:12.320013Z,price_change,0.3200,SELL,24714,0.28,0.3000
2026-01-08T01:20:12.320068Z,price_change,0.3000,SELL,1901,0.28,0.3000
2026-01-08T01:20:12.321187Z,price_change,0.3000,SELL,24714,0.28,0.3000
2026-01-08T01:20:12.34859Z,price_change,0.3000,SELL,-15000,0.28,0.3000
2026-01-08T01:20:12.398397Z,price_change,0.3000,SELL,-24714,0.28,0.3000
2026-01-08T01:20:12.39842Z,price_change,0.3000,SELL,-24714,0.28,0.3000
2026-01-08T01:20:12.399123Z,price_change,0.3000,SELL,-1901,0.28,0.3000
2026-01-08T01:20:12.429518Z,price_change,0.3200,SELL,-24714,0.28,0.3000
2026-01-08T01:20:12.458517Z,price_change,0.3100,SELL,15000,0.28,0.3000
2026-01-08T01:20:12.462472Z,price_change,0.5700,SELL,-103,0.28,0.3000
2026-01-08T01:20:12.465526Z,price_change,0.5800,SELL,-222,0.28,0.3000
2026-01-08T01:20:12.465995Z,price_change,0.3300,SELL,24714,0.28,0.3000
2026-01-08T01:20:12.466096Z,price_change,0.3100,SELL,1901,0.28,0.3000
2026-01-08T01:20:12.466847Z,price_change,0.4700,SELL,269,0.28,0.3000
2026-01-08T01:20:12.468062Z,price_change,0.3100,SELL,24714,0.28,0.3000
2026-01-08T01:20:12.468263Z,price_change,0.3300,SELL,24714,0.28,0.3000
2026-01-08T01:20:12.468824Z,price_change,0.3100,SELL,24714,0.28,0.3000
2026-01-08T01:20:12.535893Z,price_change,0.3100,SELL,-1901,0.28,0.3000
2026-01-08T01:20:12.582435Z,price_change,0.3100,SELL,1901,0.28,0.3000
2026-01-08T01:20:13.716877Z,price_change,0.5000,SELL,848,0.28,0.3000
2026-01-08T01:20:13.752048Z,price_change,0.6800,SELL,-47528,0.28,0.3000
2026-01-08T01:20:13.753997Z,price_change,0.3200,SELL,-2851,0.28,0.3000
2026-01-08T01:20:13.754854Z,price_change,0.5800,SELL,-7604,0.28,0.3000
2026-01-08T01:20:13.755885Z,price_change,0.25,BUY,-2851,0.28,0.3000
2026-01-08T01:20:13.818126Z,price_change,0.5900,SELL,7604,0.28,0.3000
2026-01-08T01:20:13.81871Z,price_change,0.26,BUY,2851,0.28,0.3000
2026-01-08T01:20:13.821546Z,price_change,0.6900,SELL,47528,0.28,0.3000
2026-01-08T01:20:13.825968Z,price_change,0.3300,SELL,2851,0.28,0.3000
2026-01-08T01:20:13.866369Z,price_change,0.28,BUY,24714,0.28,0.3000
2026-01-08T01:20:14.834767Z,price_change,0.3000,SELL,-1,0.28,0.3100
2026-01-08T01:20:14.834767Z,price_change,0.3100,SELL,-14,0.28,0.3100
1767835214,last_trade_price,0.3,BUY,1,0.28,0.3100
1767835214,last_trade_price,0.31,BUY,14,0.28,0.3100
2026-01-08T01:20:14.847508Z,price_change,0.28,BUY,-990,0.28,0.3100
2026-01-08T01:20:14.85013Z,price_change,0.3100,SELL,-510,0.28,0.3100
2026-01-08T01:20:14.860401Z,price_change,0.29,BUY,990,0.29,0.3100
2026-01-08T01:20:14.861667Z,price_change,0.3200,SELL,510,0.29,0.3100
2026-01-08T01:20:14.972156Z,price_change,0.28,BUY,-5000,0.29,0.3100
2026-01-08T01:20:14.996284Z,price_change,0.29,BUY,5000,0.29,0.3100
2026-01-08T01:20:15.388341Z,price_change,0.25,BUY,-2000,0.29,0.3100
2026-01-08T01:20:15.39419Z,price_change,0.3400,SELL,2000,0.29,0.3100
2026-01-08T01:20:15.946709Z,price_change,0.3000,SELL,1,0.29,0.3000
2026-01-08T01:20:17.155162Z,price_change,0.3000,SELL,-1,0.29,0.3100
1767835217,last_trade_price,0.3,BUY,1,0.29,0.3100
2026-01-08T01:20:17.344902Z,price_change,0.26,BUY,2000,0.29,0.3100
2026-01-08T01:20:17.462045Z,price_change,0.3100,SELL,-45,0.29,0.3100
1767835217,last_trade_price,0.31,BUY,45,0.29,0.3100
2026-01-08T01:20:18.325155Z,price_change,0.3000,SELL,1,0.29,0.3000
2026-01-08T01:20:18.365097Z,price_change,0.3000,SELL,-1,0.29,0.3100
2026-01-08T01:20:18.365097Z,price_change,0.3100,SELL,-14,0.29,0.3100
1767835218,last_trade_price,0.3,BUY,1,0.29,0.3100
1767835218,last_trade_price,0.31,BUY,14,0.29,0.3100
2026-01-08T01:20:19.340859Z,price_change,0.3100,SELL,-430,0.29,0.3100
1767835219,last_trade_price,0.31,BUY,430,0.29,0.3100
2026-01-08T01:20:19.409318Z,price_change,0.3100,SELL,-36,0.29,0.3100
1767835219,last_trade_price,0.31,BUY,36,0.29,0.3100
2026-01-08T01:20:19.531954Z,price_change,0.3000,SELL,3,0.29,0.3000
2026-01-08T01:20:20.384065Z,price_change,0.3400,SELL,-2000,0.29,0.3000
2026-01-08T01:20:20.866021Z,price_change,0.3000,SELL,-3,0.29,0.3100
1767835220,last_trade_price,0.3,BUY,3,0.29,0.3100
2026-01-08T01:20:21.004459Z,price_change,0.17,BUY,1250,0.29,0.3100
,book,0.2200,BUY,28192,0.2200,0.23
,book,0.23,SELL,24032,0.2200,0.23
2026-01-08T01:32:28.802905Z,price_change,0.2300,SELL,1,0.22,0.2300
2026-01-08T01:32:28.9935Z,price_change,0.2500,SELL,-24714,0.22,0.2300
2026-01-08T01:32:28.993555Z,price_change,0.2300,SELL,-24032,0.22,0.2300
2026-01-08T01:32:29.015773Z,price_change,0.2800,SELL,105,0.22,0.2300
2026-01-08T01:32:29.025478Z,price_change,0.2500,SELL,-150,0.22,0.2300
2026-01-08T01:32:29.025478Z,price_change,0.2600,SELL,150,0.22,0.2300
2026-01-08T01:32:29.229514Z,price_change,0.2300,SELL,-1,0.22,0.2400
2026-01-08T01:32:29.278949Z,price_change,0.2800,SELL,-2851,0.22,0.2400
2026-01-08T01:32:29.400439Z,price_change,0.2600,SELL,24714,0.22,0.2400
2026-01-08T01:32:29.402237Z,price_change,0.2600,SELL,24714,0.22,0.2400
2026-01-08T01:32:29.403377Z,price_change,0.2400,SELL,24714,0.22,0.2400
2026-01-08T01:32:29.431927Z,price_change,0.2800,SELL,-105,0.22,0.2400
2026-01-08T01:32:29.505585Z,price_change,0.2400,SELL,-19,0.22,0.2400
1767835949,last_trade_price,0.24,BUY,19,0.22,0.2400
2026-01-08T01:32:29.514513Z,price_change,0.2600,SELL,2851,0.22,0.2400
2026-01-08T01:32:29.547154Z,price_change,0.4800,SELL,-352,0.22,0.2400
2026-01-08T01:32:29.957031Z,price_change,0.21,BUY,-150,0.22,0.2400
2026-01-08T01:32:29.957031Z,price_change,0.22,BUY,150,0.22,0.2400
2026-01-08T01:32:30.066607Z,price_change,0.3700,SELL,332,0.22,0.2400
2026-01-08T01:32:30.883863Z,price_change,0.2400,SELL,-39,0.22,0.2400
1767835950,last_trade_price,0.24,BUY,39,0.22,0.2400
2026-01-08T01:32:31.149595Z,price_change,0.2600,SELL,-150,0.22,0.2400
2026-01-08T01:32:31.149595Z,price_change,0.2700,SELL,150,0.22,0.2400
2026-01-08T01:32:31.531136Z,price_change,0.2400,SELL,-19,0.22,0.2400
1767835951,last_trade_price,0.24,BUY,19,0.22,0.2400
2026-01-08T01:32:31.638354Z,price_change,0.18,BUY,756,0.22,0.2400
2026-01-08T01:32:31.638773Z,price_change,0.3600,SELL,756,0.22,0.2400
2026-01-08T01:32:31.69609Z,price_change,0.21,BUY,-762,0.22,0.2400
2026-01-08T01:32:31.697307Z,price_change,0.2400,SELL,-738,0.22,0.2400
2026-01-08T01:32:31.709659Z,price_change,0.22,BUY,759,0.22,0.2400
2026-01-08T01:32:31.712162Z,price_change,0.2500,SELL,741,0.22,0.2400
2026-01-08T01:32:31.716267Z,price_change,0.2600,SELL,150,0.22,0.2400
2026-01-08T01:32:31.719762Z,price_change,0.22,BUY,150,0.22,0.2400
2026-01-08T01:32:31.75859Z,price_change,0.2800,SELL,1232,0.22,0.2400
2026-01-08T01:32:31.774291Z,price_change,0.21,BUY,2000,0.22,0.2400
2026-01-08T01:32:31.775809Z,price_change,0.3200,SELL,2000,0.22,0.2400
2026-01-08T01:32:31.788132Z,price_change,0.2500,SELL,-6823,0.22,0.2400
2026-01-08T01:32:31.788223Z,price_change,0.2400,SELL,-100,0.22,0.2400
1767835951,last_trade_price,0.24,BUY,100,0.22,0.2400
2026-01-08T01:32:31.788418Z,price_change,0.2400,SELL,-24714,0.22,0.2400
2026-01-08T01:32:31.789223Z,price_change,0.2400,SELL,-6646,0.22,0.2400
2026-01-08T01:32:31.791399Z,price_change,0.2400,SELL,-1901,0.22,0.2400
2026-01-08T01:32:31.813972Z,price_change,0.3900,SELL,-1901,0.22,0.2400
2026-01-08T01:32:31.830331Z,price_change,0.2500,SELL,24714,0.22,0.2400
2026-01-08T01:32:31.831467Z,price_change,0.2400,SELL,1901,0.22,0.2400
2026-01-08T01:32:31.832462Z,price_change,0.2400,SELL,24714,0.22,0.2400
2026-01-08T01:32:31.833578Z,price_change,0.2400,SELL,24714,0.22,0.2400
2026-01-08T01:32:31.892979Z,price_change,0.2400,SELL,-1,0.22,0.2400
2026-01-08T01:32:31.892979Z,price_change,0.2400,SELL,-5,0.22,0.2400
2026-01-08T01:32:31.892979Z,price_change,0.2400,SELL,-13,0.22,0.2400
1767835951,last_trade_price,0.24,BUY,1,0.22,0.2400
1767835951,last_trade_price,0.24,BUY,5,0.22,0.2400
1767835951,last_trade_price,0.24,BUY,13,0.22,0.2400
2026-01-08T01:32:31.903096Z,price_change,0.3100,SELL,1901,0.22,0.2400
2026-01-08T01:32:31.953171Z,price_change,0.2400,SELL,-21,0.22,0.2400
1767835951,last_trade_price,0.24,BUY,21,0.22,0.2400
2026-01-08T01:32:32.62792Z,price_change,0.2400,SELL,-100,0.22,0.2400
1767835952,last_trade_price,0.24,BUY,100,0.22,0.2400
2026-01-08T01:32:32.766534Z,price_change,0.2400,SELL,1,0.22,0.2400
2026-01-08T01:32:32.819231Z,price_change,0.23,BUY,690,0.23,0.2400
2026-01-08T01:32:32.821177Z,price_change,0.3000,SELL,690,0.23,0.2400
2026-01-08T01:32:32.905706Z,price_change,0.22,BUY,-2500,0.23,0.2400
2026-01-08T01:32:32.924157Z,price_change,0.23,BUY,2500,0.23,0.2400
2026-01-08T01:32:33.40925Z,price_change,0.19,BUY,-2000,0.23,0.2400
2026-01-08T01:32:33.565383Z,price_change,0.21,BUY,-1901,0.23,0.2400
2026-01-08T01:32:33.577593Z,price_change,0.2500,SELL,1,0.23,0.2400
2026-01-08T01:32:33.781247Z,price_change,0.22,BUY,1901,0.23,0.2400
2026-01-08T01:32:33.91459Z,price_change,0.22,BUY,24714,0.23,0.2400
2026-01-08T01:32:33.968772Z,price_change,0.22,BUY,-150,0.23,0.2400
2026-01-08T01:32:33.968772Z,price_change,0.23,BUY,150,0.23,0.2400
2026-01-08T01:32:34.00065Z,price_change,0.18,BUY,-756,0.23,0.2400
2026-01-08T01:32:34.00065Z,price_change,0.3600,SELL,-756,0.23,0.2400
2026-01-08T01:32:34.247114Z,price_change,0.23,BUY,1232,0.23,0.2400
2026-01-08T01:32:34.407329Z,price_change,0.6200,SELL,-47528,0.23,0.2400
2026-01-08T01:32:34.407848Z,price_change,0.2600,SELL,-2851,0.23,0.2400
2026-01-08T01:32:34.408761Z,price_change,0.19,BUY,-2851,0.23,0.2400
2026-01-08T01:32:34.409417Z,price_change,0.5200,SELL,-7604,0.23,0.2400
2026-01-08T01:32:34.477956Z,price_change,0.2700,SELL,2851,0.23,0.2400
2026-01-08T01:32:34.478358Z,price_change,0.6300,SELL,47528,0.23,0.2400
2026-01-08T01:32:34.47909Z,price_change,0.5300,SELL,7604,0.23,0.2400
2026-01-08T01:32:34.480007Z,price_change,0.2,BUY,2851,0.23,0.2400
2026-01-08T01:32:34.579429Z,price_change,0.21,BUY,-1232,0.23,0.2400
2026-01-08T01:32:34.62091Z,price_change,0.2400,SELL,-24714,0.23,0.2400
2026-01-08T01:32:35.180284Z,price_change,0.2400,SELL,-36,0.23,0.2400
1767835955,last_trade_price,0.24,BUY,36,0.23,0.2400
2026-01-08T01:32:35.214787Z,price_change,0.2800,SELL,-1232,0.23,0.2400
2026-01-08T01:32:35.359696Z,price_change,0.2400,SELL,-395,0.23,0.2400
1767835955,last_trade_price,0.24,BUY,395,0.23,0.2400
2026-01-08T01:32:35.359696Z,price_change,0.2400,SELL,-1336,0.23,0.2400
2026-01-08T01:32:35.415017Z,price_change,0.2500,SELL,7500,0.23,0.2400
2026-01-08T01:32:35.455742Z,price_change,0.3100,SELL,-1901,0.23,0.2400
2026-01-08T01:32:35.489078Z,price_change,0.2500,SELL,1901,0.23,0.2400
2026-01-08T01:32:35.655241Z,price_change,0.2400,SELL,-1186,0.23,0.2400
1767835955,last_trade_price,0.24,BUY,1186,0.23,0.2400
2026-01-08T01:32:36.02644Z,price_change,0.22,BUY,4551,0.23,0.2400
2026-01-08T01:32:36.027579Z,price_change,0.3000,SELL,852,0.23,0.2400
2026-01-08T01:32:36.028506Z,price_change,0.21,BUY,1589,0.23,0.2400
2026-01-08T01:32:36.029319Z,price_change,0.3100,SELL,288,0.23,0.2400
2026-01-08T01:32:36.205451Z,price_change,0.2400,SELL,-30,0.23,0.2400
1767835956,last_trade_price,0.24,BUY,30,0.23,0.2400
2026-01-08T01:32:36.748789Z,price_change,0.2400,SELL,-53,0.23,0.2400
1767835956,last_trade_price,0.24,BUY,53,0.23,0.2400
2026-01-08T01:32:37.310221Z,price_change,0.21,BUY,-6823,0.23,0.2400
2026-01-08T01:32:37.311048Z,price_change,0.2600,SELL,-24714,0.23,0.2400
2026-01-08T01:32:37.311344Z,price_change,0.2,BUY,-2851,0.23,0.2400
2026-01-08T01:32:37.312358Z,price_change,0.21,BUY,-1901,0.23,0.2400
2026-01-08T01:32:37.312845Z,price_change,0.22,BUY,-1901,0.23,0.2400
2026-01-08T01:32:37.313513Z,price_change,0.2400,SELL,-23445,0.23,0.2400
2026-01-08T01:32:37.314023Z,price_change,0.2500,SELL,-1901,0.23,0.2400
2026-01-08T01:32:37.314992Z,price_change,0.5300,SELL,-7604,0.23,0.2400
2026-01-08T01:32:37.315912Z,price_change,0.6300,SELL,-47528,0.23,0.2400
2026-01-08T01:32:37.31613Z,price_change,0.22,BUY,-24714,0.23,0.2400
2026-01-08T01:32:37.316222Z,price_change,0.2700,SELL,-2851,0.23,0.2400
2026-01-08T01:32:37.407609Z,price_change,0.21,BUY,2851,0.23,0.2400
2026-01-08T01:32:37.407817Z,price_change,0.23,BUY,24714,0.23,0.2400
2026-01-08T01:32:37.408866Z,price_change,0.6400,SELL,47528,0.23,0.2400
2026-01-08T01:32:37.409769Z,price_change,0.22,BUY,1901,0.23,0.2400
2026-01-08T01:32:37.410635Z,price_change,0.23,BUY,24714,0.23,0.2400
2026-01-08T01:32:37.411185Z,price_change,0.2700,SELL,24714,0.23,0.2400
2026-01-08T01:32:37.411728Z,price_change,0.23,BUY,1901,0.23,0.2400
2026-01-08T01:32:37.411803Z,price_change,0.5400,SELL,7604,0.23,0.2400
2026-01-08T01:32:37.416075Z,price_change,0.2700,SELL,24714,0.23,0.2400
2026-01-08T01:32:37.416118Z,price_change,0.2800,SELL,2851,0.23,0.2400
2026-01-08T01:32:37.416292Z,price_change,0.3100,SELL,1901,0.23,0.2400
2026-01-08T01:32:38.041488Z,price_change,0.2800,SELL,-2851,0.23,0.2400
2026-01-08T01:32:38.044225Z,price_change,0.6400,SELL,-47528,0.23,0.2400
2026-01-08T01:32:38.044225Z,price_change,0.5400,SELL,-7604,0.23,0.2400
2026-01-08T01:32:38.045854Z,price_change,0.2500,SELL,24714,0.23,0.2400
2026-01-08T01:32:38.053365Z,price_change,0.21,BUY,-2851,0.23,0.2400
2026-01-08T01:32:38.108616Z,price_change,0.6300,SELL,47528,0.23,0.2400
2026-01-08T01:32:38.110223Z,price_change,0.2700,SELL,2851,0.23,0.2400
2026-01-08T01:32:38.111202Z,price_change,0.2,BUY,2851,0.23,0.2400
2026-01-08T01:32:38.112194Z,price_change,0.5300,SELL,7604,0.23,0.2400
2026-01-08T01:32:38.181551Z,price_change,0.2400,SELL,-1,0.23,0.2500
2026-01-08T01:32:38.181551Z,price_change,0.2500,SELL,1,0.23,0.2500
2026-01-08T01:32:38.195388Z,price_change,0.22,BUY,-759,0.23,0.2500
2026-01-08T01:32:38.198552Z,price_change,0.2500,SELL,-741,0.23,0.2500
2026-01-08T01:32:38.206169Z,price_change,0.23,BUY,759,0.23,0.2500
2026-01-08T01:32:38.211137Z,price_change,0.2600,SELL,741,0.23,0.2500
2026-01-08T01:32:38.238945Z,price_change,0.23,BUY,-24714,0.23,0.2500
2026-01-08T01:32:39.012624Z,price_change,0.2500,SELL,-9,0.23,0.2500
1767835959,last_trade_price,0.25,BUY,9,0.23,0.2500
2026-01-08T01:32:39.180679Z,price_change,0.24,BUY,10,0.24,0.2500
2026-01-08T01:32:39.686636Z,price_change,0.2500,SELL,-8,0.24,0.2500
1767835959,last_trade_price,0.25,BUY,8,0.24,0.2500
2026-01-08T01:32:39.791762Z,price_change,0.2800,SELL,1232,0.24,0.2500
2026-01-08T01:32:40.574022Z,price_change,0.2800,SELL,500,0.24,0.2500
2026-01-08T01:32:40.66278Z,price_change,0.23,BUY,-1901,0.24,0.2500
2026-01-08T01:32:40.836166Z,price_change,0.22,BUY,1901,0.24,0.2500
2026-01-08T01:32:41.010768Z,price_change,0.2,BUY,-1405,0.24,0.2500
2026-01-08T01:32:41.016528Z,price_change,0.2500,SELL,-19,0.24,0.2500
1767835961,last_trade_price,0.25,BUY,19,0.24,0.2500
2026-01-08T01:32:41.032867Z,price_change,0.2,BUY,-425,0.24,0.2500
2026-01-08T01:32:41.234651Z,price_change,0.2500,SELL,-1,0.24,0.2500
2026-01-08T01:32:41.234651Z,price_change,0.2600,SELL,1,0.24,0.2500
2026-01-08T01:32:41.747096Z,price_change,0.2500,SELL,-775,0.24,0.2500
1767835961,last_trade_price,0.25,BUY,775,0.24,0.2500
2026-01-08T01:32:41.830543Z,price_change,0.2500,SELL,-92,0.24,0.2500
1767835961,last_trade_price,0.25,BUY,92,0.24,0.2500
2026-01-08T01:32:41.836351Z,price_change,0.2500,SELL,-2,0.24,0.2500
1767835961,last_trade_price,0.25,BUY,2,0.24,0.2500
2026-01-08T01:32:41.966356Z,price_change,0.2800,SELL,500,0.24,0.2500
2026-01-08T01:32:42.009126Z,price_change,0.3100,SELL,-1901,0.24,0.2500
2026-01-08T01:32:42.040782Z,price_change,0.2700,SELL,1901,0.24,0.2500
2026-01-08T01:32:42.134636Z,price_change,0.2500,SELL,-57,0.24,0.2500
1767835962,last_trade_price,0.25,BUY,57,0.24,0.2500
2026-01-08T01:32:42.274631Z,price_change,0.2500,SELL,-7,0.24,0.2500
1767835962,last_trade_price,0.25,BUY,7,0.24,0.2500
2026-01-08T01:32:43.712342Z,price_change,0.2800,SELL,-500,0.24,0.2500
2026-01-08T01:32:43.713159Z,price_change,0.2800,SELL,-500,0.24,0.2500
2026-01-08T01:32:43.714322Z,price_change,0.2800,SELL,100,0.24,0.2500
2026-01-08T01:32:43.757843Z,price_change,0.2700,SELL,-1901,0.24,0.2500
2026-01-08T01:32:43.809117Z,price_change,0.3100,SELL,1901,0.24,0.2500
2026-01-08T01:32:44.361051Z,price_change,0.2500,SELL,-57,0.24,0.2500
1767835964,last_trade_price,0.25,BUY,57,0.24,0.2500
2026-01-08T01:32:44.404946Z,price_change,0.2500,SELL,1901,0.24,0.2500
2026-01-08T01:32:44.894775Z,price_change,0.2500,SELL,-357,0.24,0.2500
1767835964,last_trade_price,0.25,BUY,357,0.24,0.2500
2026-01-08T01:32:45.399133Z,price_change,0.2500,SELL,-1,0.24,0.2500
1767835965,last_trade_price,0.25,BUY,1,0.24,0.2500
2026-01-08T01:32:45.588925Z,price_change,0.2,BUY,-2851,0.24,0.2500
2026-01-08T01:32:45.59501Z,price_change,0.23,BUY,-24714,0.24,0.2500
2026-01-08T01:32:45.596782Z,price_change,0.22,BUY,-1901,0.24,0.2500
2026-01-08T01:32:45.598072Z,price_change,0.22,BUY,-1901,0.24,0.2500
2026-01-08T01:32:45.60009Z,price_change,0.3100,SELL,-1901,0.24,0.2500
2026-01-08T01:32:45.600497Z,price_change,0.2500,SELL,-1901,0.24,0.2500
2026-01-08T01:32:45.600524Z,price_change,0.5300,SELL,-7604,0.24,0.2500
2026-01-08T01:32:45.600682Z,price_change,0.6300,SELL,-47528,0.24,0.2500
2026-01-08T01:32:45.605171Z,price_change,0.2700,SELL,-24714,0.24,0.2500
2026-01-08T01:32:45.605549Z,price_change,0.2700,SELL,-24714,0.24,0.2500
2026-01-08T01:32:45.606472Z,price_change,0.2500,SELL,-24714,0.24,0.2500
2026-01-08T01:32:45.606898Z,price_change,0.2500,SELL,-23330,0.24,0.2500
2026-01-08T01:32:45.621436Z,price_change,0.2500,SELL,-342,0.24,0.2500
1767835965,last_trade_price,0.25,BUY,342,0.24,0.2500
2026-01-08T01:32:45.628347Z,price_change,0.3000,SELL,111,0.24,0.2500
2026-01-08T01:32:45.652058Z,price_change,0.2500,SELL,-7158,0.24,0.2500
2026-01-08T01:32:45.652423Z,price_change,0.2500,SELL,-1,0.24,0.2600
1767835965,last_trade_price,0.25,BUY,1,0.24,0.2600
2026-01-08T01:32:45.669492Z,price_change,0.2600,SELL,7500,0.24,0.2600
2026-01-08T01:32:45.688152Z,price_change,0.22,BUY,-24714,0.24,0.2600
2026-01-08T01:32:45.691691Z,price_change,0.2700,SELL,-2851,0.24,0.2600
2026-01-08T01:32:45.697946Z,price_change,0.3000,SELL,-97,0.24,0.2600
2026-01-08T01:32:45.734974Z,price_change,0.2600,SELL,-24714,0.24,0.2600
2026-01-08T01:32:45.756679Z,price_change,0.18,BUY,111,0.24,0.2600
2026-01-08T01:32:45.7895Z,price_change,0.2800,SELL,900,0.24,0.2600
2026-01-08T01:32:46.052261Z,price_change,0.7700,SELL,58,0.24,0.2600
2026-01-08T01:32:46.055567Z,price_change,0.5100,SELL,763,0.24,0.2600
2026-01-08T01:32:46.056538Z,price_change,0.5200,SELL,763,0.24,0.2600
2026-01-08T01:32:46.056551Z,price_change,0.5100,SELL,763,0.24,0.2600
2026-01-08T01:32:46.057022Z,price_change,0.5300,SELL,763,0.24,0.2600
2026-01-08T01:32:46.057725Z,price_change,0.5200,SELL,763,0.24,0.2600
2026-01-08T01:32:46.158788Z,price_change,0.23,BUY,-1232,0.24,0.2600
2026-01-08T01:32:46.166994Z,price_change,0.5100,SELL,763,0.24,0.2600
2026-01-08T01:32:46.493582Z,price_change,0.23,BUY,1232,0.24,0.2600
2026-01-08T01:32:46.736298Z,price_change,0.2500,SELL,1,0.24,0.2500
2026-01-08T01:32:46.902874Z,price_change,0.2500,SELL,-1,0.24,0.2600
2026-01-08T01:32:46.902874Z,price_change,0.25,BUY,99,0.25,0.2600
1767835966,last_trade_price,0.25,BUY,1,0.25,0.2600
2026-01-08T01:32:46.92684Z,price_change,0.09,BUY,-164,0.25,0.2600
2026-01-08T01:32:46.929705Z,price_change,0.13,BUY,218,0.25,0.2600
2026-01-08T01:32:47.067525Z,price_change,0.23,BUY,-759,0.25,0.2600
2026-01-08T01:32:47.070295Z,price_change,0.2600,SELL,-741,0.25,0.2600
2026-01-08T01:32:47.080973Z,price_change,0.24,BUY,759,0.25,0.2600
2026-01-08T01:32:47.08252Z,price_change,0.2700,SELL,741,0.25,0.2600
2026-01-08T01:32:47.097106Z,price_change,0.18,BUY,-111,0.25,0.2600
2026-01-08T01:32:47.917606Z,price_change,0.2600,SELL,-7,0.25,0.2600
1767835967,last_trade_price,0.26,BUY,7,0.25,0.2600
2026-01-08T01:32:47.938946Z,price_change,0.19,BUY,111,0.25,0.2600
2026-01-08T01:32:47.94391Z,price_change,0.23,BUY,-2500,0.25,0.2600
2026-01-08T01:32:47.961116Z,price_change,0.24,BUY,2500,0.25,0.2600
2026-01-08T01:32:48.018198Z,price_change,0.2900,SELL,500,0.25,0.2600
2026-01-08T01:32:48.018769Z,price_change,0.2800,SELL,-100,0.25,0.2600
2026-01-08T01:32:48.020178Z,price_change,0.2800,SELL,-900,0.25,0.2600
2026-01-08T01:32:48.078299Z,price_change,0.2600,SELL,-43,0.25,0.2600
2026-01-08T01:32:48.078299Z,price_change,0.2600,SELL,-150,0.25,0.2600
2026-01-08T01:32:48.078299Z,price_change,0.2600,SELL,-1,0.25,0.2600
2026-01-08T01:32:48.078299Z,price_change,0.2600,SELL,-7500,0.25,0.2700
1767835968,last_trade_price,0.26,BUY,43,0.25,0.2700
1767835968,last_trade_price,0.26,BUY,150,0.25,0.2700
1767835968,last_trade_price,0.26,BUY,1,0.25,0.2700
1767835968,last_trade_price,0.26,BUY,7500,0.25,0.2700
2026-01-08T01:32:48.351961Z,price_change,0.2600,SELL,9,0.25,0.2600
2026-01-08T01:32:48.576485Z,price_change,0.2700,SELL,1,0.25,0.2600
2026-01-08T01:32:48.701932Z,price_change,0.2600,SELL,15,0.25,0.2600
2026-01-08T01:32:48.717436Z,price_change,0.22,BUY,-150,0.25,0.2600
2026-01-08T01:32:49.187714Z,price_change,0.2600,SELL,-9,0.25,0.2600
2026-01-08T01:32:49.187714Z,price_change,0.2600,SELL,-8,0.25,0.2600
1767835969,last_trade_price,0.26,BUY,9,0.25,0.2600
1767835969,last_trade_price,0.26,BUY,8,0.25,0.2600
2026-01-08T01:32:49.381431Z,price_change,0.3800,SELL,756,0.25,0.2600
2026-01-08T01:32:49.390072Z,price_change,0.21,BUY,756,0.25,0.2600
2026-01-08T01:32:49.418826Z,price_change,0.5100,SELL,-763,0.25,0.2600
2026-01-08T01:32:49.421214Z,price_change,0.5100,SELL,-763,0.25,0.2600
2026-01-08T01:32:49.421354Z,price_change,0.7700,SELL,-58,0.25,0.2600
2026-01-08T01:32:49.421748Z,price_change,0.5200,SELL,-763,0.25,0.2600
2026-01-08T01:32:49.422899Z,price_change,0.5200,SELL,-763,0.25,0.2600
2026-01-08T01:32:49.423458Z,price_change,0.5100,SELL,-763,0.25,0.2600
2026-01-08T01:32:49.461514Z,price_change,0.5400,SELL,763,0.25,0.2600
2026-01-08T01:32:49.463222Z,price_change,0.5400,SELL,763,0.25,0.2600
2026-01-08T01:32:49.463399Z,price_change,0.5500,SELL,763,0.25,0.2600
2026-01-08T01:32:49.463505Z,price_change,0.5300,SELL,763,0.25,0.2600
2026-01-08T01:32:49.463532Z,price_change,0.5300,SELL,763,0.25,0.2600
2026-01-08T01:32:49.463703Z,price_change,0.8000,SELL,58,0.25,0.2600
2026-01-08T01:32:49.472561Z,price_change,0.2600,SELL,-7,0.25,0.2700
1767835969,last_trade_price,0.26,BUY,7,0.25,0.2700
2026-01-08T01:32:49.493185Z,price_change,0.3000,SELL,3,0.25,0.2700
2026-01-08T01:32:49.924386Z,price_change,0.2600,SELL,15,0.25,0.2600
2026-01-08T01:32:49.925366Z,price_change,0.22,BUY,15,0.25,0.2600
2026-01-08T01:32:50.131222Z,price_change,0.2700,SELL,-1,0.25,0.2600
2026-01-08T01:32:50.131222Z,price_change,0.2600,SELL,1,0.25,0.2600
2026-01-08T01:32:50.143218Z,price_change,0.3000,SELL,1000,0.25,0.2600
2026-01-08T01:32:50.180677Z,price_change,0.2900,SELL,500,0.25,0.2600
2026-01-08T01:32:50.37239Z,price_change,0.23,BUY,-1232,0.25,0.2600
2026-01-08T01:32:50.388129Z,price_change,0.2600,SELL,3,0.25,0.2600
2026-01-08T01:32:50.396802Z,price_change,0.8000,SELL,-58,0.25,0.2600
2026-01-08T01:32:50.415273Z,price_change,0.2600,SELL,-15,0.25,0.2600
2026-01-08T01:32:50.415273Z,price_change,0.2600,SELL,-1,0.25,0.2600
2026-01-08T01:32:50.415273Z,price_change,0.2600,SELL,-3,0.25,0.2700
1767835970,last_trade_price,0.26,BUY,15,0.25,0.2700
1767835970,last_trade_price,0.26,BUY,1,0.25,0.2700
1767835970,last_trade_price,0.26,BUY,3,0.25,0.2700
2026-01-08T01:32:50.471874Z,price_change,0.2600,SELL,15,0.25,0.2600
2026-01-08T01:32:50.481434Z,price_change,0.7900,SELL,58,0.25,0.2600
2026-01-08T01:32:50.568444Z,price_change,0.24,BUY,-759,0.25,0.2600
2026-01-08T01:32:50.569578Z,price_change,0.2700,SELL,-741,0.25,0.2600
2026-01-08T01:32:50.578612Z,price_change,0.23,BUY,685,0.25,0.2600
2026-01-08T01:32:50.579933Z,price_change,0.2600,SELL,814,0.25,0.2600
2026-01-08T01:32:50.719009Z,price_change,0.3100,SELL,1232,0.25,0.2600
2026-01-08T01:32:50.760944Z,price_change,0.24,BUY,-2500,0.25,0.2600
2026-01-08T01:32:50.922513Z,price_change,0.22,BUY,-100,0.25,0.2600
2026-01-08T01:32:50.999903Z,price_change,0.2800,SELL,-1232,0.25,0.2600
2026-01-08T01:32:51.064308Z,price_change,0.5500,SELL,-763,0.25,0.2600
2026-01-08T01:32:51.065098Z,price_change,0.5300,SELL,-763,0.25,0.2600
2026-01-08T01:32:51.068997Z,price_change,0.5400,SELL,-763,0.25,0.2600
2026-01-08T01:32:51.20827Z,price_change,0.25,BUY,-99,0.24,0.2600
2026-01-08T01:32:51.20827Z,price_change,0.2500,SELL,186,0.24,0.2500
1767835971,last_trade_price,0.75,SELL,99,0.24,0.2500
2026-01-08T01:32:51.233373Z,price_change,0.2600,SELL,7500,0.24,0.2500
2026-01-08T01:32:51.23548Z,price_change,0.19,BUY,-102,0.24,0.2500
2026-01-08T01:32:51.260454Z,price_change,0.23,BUY,2500,0.24,0.2500
2026-01-08T01:32:51.478481Z,price_change,0.3000,SELL,-1000,0.24,0.2500
2026-01-08T01:32:51.481302Z,price_change,0.2900,SELL,-500,0.24,0.2500
2026-01-08T01:32:51.482782Z,price_change,0.2900,SELL,-500,0.24,0.2500
2026-01-08T01:32:51.494173Z,price_change,0.2500,SELL,-186,0.24,0.2600
2026-01-08T01:32:51.494173Z,price_change,0.2600,SELL,-15,0.24,0.2600
2026-01-08T01:32:51.494173Z,price_change,0.2600,SELL,-247,0.24,0.2600
1767835971,last_trade_price,0.25,BUY,186,0.24,0.2600
1767835971,last_trade_price,0.26,BUY,15,0.24,0.2600
1767835971,last_trade_price,0.26,BUY,247,0.24,0.2600
2026-01-08T01:32:51.694272Z,price_change,0.2500,SELL,9,0.24,0.2500
2026-01-08T01:32:51.910868Z,price_change,0.2500,SELL,-7,0.24,0.2500
1767835971,last_trade_price,0.25,BUY,7,0.24,0.2500
2026-01-08T01:32:52.001702Z,price_change,0.21,BUY,-756,0.24,0.2500
2026-01-08T01:32:52.001702Z,price_change,0.3800,SELL,-756,0.24,0.2500
2026-01-08T01:32:52.161177Z,price_change,0.22,BUY,-15,0.24,0.2500
2026-01-08T01:32:52.195962Z,price_change,0.2600,SELL,1,0.24,0.2500
2026-01-08T01:32:52.197326Z,price_change,0.22,BUY,1,0.24,0.2500
2026-01-08T01:32:52.517891Z,price_change,0.2500,SELL,-2,0.24,0.2600
2026-01-08T01:32:52.517891Z,price_change,0.2600,SELL,-181,0.24,0.2600
1767835972,last_trade_price,0.25,BUY,2,0.24,0.2600
1767835972,last_trade_price,0.26,BUY,181,0.24,0.2600
2026-01-08T01:32:52.531261Z,price_change,0.2600,SELL,-386,0.24,0.2600
2026-01-08T01:32:52.536835Z,price_change,0.23,BUY,-685,0.24,0.2600
2026-01-08T01:32:52.54476Z,price_change,0.19,BUY,6,0.24,0.2600
2026-01-08T01:32:52.545158Z,price_change,0.2700,SELL,600,0.24,0.2600
2026-01-08T01:32:52.550738Z,price_change,0.24,BUY,899,0.24,0.2600
2026-01-08T01:32:52.793367Z,price_change,0.2600,SELL,-7500,0.24,0.2600
2026-01-08T01:32:52.812624Z,price_change,0.19,BUY,96,0.24,0.2600
2026-01-08T01:32:52.81892Z,price_change,0.23,BUY,-2500,0.24,0.2600
2026-01-08T01:32:52.849094Z,price_change,0.2700,SELL,-150,0.24,0.2600
2026-01-08T01:32:52.849094Z,price_change,0.2900,SELL,150,0.24,0.2600
2026-01-08T01:32:52.850578Z,price_change,0.2700,SELL,7500,0.24,0.2600
2026-01-08T01:32:52.858335Z,price_change,0.24,BUY,2500,0.24,0.2600
2026-01-08T01:32:53.148373Z,price_change,0.2900,SELL,2000,0.24,0.2600
2026-01-08T01:32:53.927203Z,price_change,0.2600,SELL,-1,0.24,0.2700
2026-01-08T01:32:53.927203Z,price_change,0.2700,SELL,-16,0.24,0.2700
1767835973,last_trade_price,0.26,BUY,1,0.24,0.2700
1767835973,last_trade_price,0.27,BUY,16,0.24,0.2700
2026-01-08T01:32:53.96758Z,price_change,0.2900,SELL,-150,0.24,0.2700
2026-01-08T01:32:53.96758Z,price_change,0.2700,SELL,150,0.24,0.2700
2026-01-08T01:32:54.502792Z,price_change,0.23,BUY,1232,0.24,0.2700
2026-01-08T01:32:54.509018Z,price_change,0.22,BUY,-1,0.24,0.2700
2026-01-08T01:32:54.709674Z,price_change,0.2900,SELL,1000,0.24,0.2700
2026-01-08T01:32:54.710734Z,price_change,0.2900,SELL,-2000,0.24,0.2700
2026-01-08T01:32:54.710793Z,price_change,0.21,BUY,2000,0.24,0.2700
2026-01-08T01:32:54.71185Z,price_change,0.3000,SELL,1000,0.24,0.2700
,book,0.2600,BUY,7454,0.2600,0.28
,book,0.28,SELL,1161,0.2600,0.28
2026-01-08T01:33:12.789231Z,price_change,0.3000,SELL,6876,0.26,0.2800
2026-01-08T01:33:12.790898Z,price_change,0.3000,SELL,6876,0.26,0.2800
2026-01-08T01:33:12.791271Z,price_change,0.3100,SELL,6876,0.26,0.2800
2026-01-08T01:33:12.791638Z,price_change,0.2900,SELL,6876,0.26,0.2800
2026-01-08T01:33:12.792938Z,price_change,0.2900,SELL,6876,0.26,0.2800
2026-01-08T01:33:12.797802Z,price_change,0.2900,SELL,6876,0.26,0.2800
2026-01-08T01:33:12.903873Z,price_change,0.2800,SELL,-10,0.26,0.2800
1767835992,last_trade_price,0.28,BUY,10,0.26,0.2800
2026-01-08T01:33:12.949032Z,price_change,0.2800,SELL,-3,0.26,0.2800
1767835992,last_trade_price,0.28,BUY,3,0.26,0.2800
2026-01-08T01:33:13.140336Z,price_change,0.3200,SELL,793,0.26,0.2800
2026-01-08T01:33:13.152362Z,price_change,0.26,BUY,-528,0.26,0.2800
2026-01-08T01:33:13.162612Z,price_change,0.25,BUY,-1012,0.26,0.2800
2026-01-08T01:33:13.163836Z,price_change,0.2800,SELL,-488,0.26,0.2800
2026-01-08T01:33:13.177351Z,price_change,0.26,BUY,1012,0.26,0.2800
2026-01-08T01:33:13.178626Z,price_change,0.2900,SELL,488,0.26,0.2800
2026-01-08T01:33:13.179204Z,price_change,0.3100,SELL,-42,0.26,0.2800
2026-01-08T01:33:13.181604Z,price_change,0.2,BUY,-111,0.26,0.2800
2026-01-08T01:33:13.181604Z,price_change,0.21,BUY,111,0.26,0.2800
2026-01-08T01:33:13.20092Z,price_change,0.21,BUY,-111,0.26,0.2800
2026-01-08T01:33:13.20092Z,price_change,0.2,BUY,111,0.26,0.2800
2026-01-08T01:33:13.32479Z,price_change,0.2800,SELL,-3,0.26,0.2800
1767835993,last_trade_price,0.28,BUY,3,0.26,0.2800
2026-01-08T01:33:13.352129Z,price_change,0.2,BUY,-111,0.26,0.2800
2026-01-08T01:33:13.352129Z,price_change,0.21,BUY,111,0.26,0.2800
2026-01-08T01:33:13.500869Z,price_change,0.25,BUY,-6876,0.26,0.2800
2026-01-08T01:33:13.563291Z,price_change,0.18,BUY,400,0.26,0.2800
2026-01-08T01:33:13.576291Z,price_change,0.18,BUY,1333,0.26,0.2800
2026-01-08T01:33:13.700719Z,price_change,0.2800,SELL,117,0.26,0.2800
2026-01-08T01:33:13.731335Z,price_change,0.3100,SELL,69000,0.26,0.2800
2026-01-08T01:33:13.836318Z,price_change,0.21,BUY,-2000,0.26,0.2800
2026-01-08T01:33:13.837571Z,price_change,0.3200,SELL,-2000,0.26,0.2800
2026-01-08T01:33:13.838919Z,price_change,0.23,BUY,-690,0.26,0.2800
2026-01-08T01:33:13.840535Z,price_change,0.3000,SELL,-690,0.26,0.2800
2026-01-08T01:33:14.081323Z,price_change,0.27,BUY,6876,0.27,0.2800
2026-01-08T01:33:14.183347Z,price_change,0.25,BUY,500,0.27,0.2800
2026-01-08T01:33:14.235452Z,price_change,0.24,BUY,640,0.27,0.2800
2026-01-08T01:33:14.535868Z,price_change,0.2800,SELL,7500,0.27,0.2800
2026-01-08T01:33:14.547642Z,price_change,0.23,BUY,-1232,0.27,0.2800
2026-01-08T01:33:14.614964Z,price_change,0.26,BUY,-1012,0.27,0.2800
2026-01-08T01:33:14.616074Z,price_change,0.2900,SELL,-488,0.27,0.2800
2026-01-08T01:33:14.632553Z,price_change,0.27,BUY,1007,0.27,0.2800
2026-01-08T01:33:14.634674Z,price_change,0.3000,SELL,493,0.27,0.2800
2026-01-08T01:33:14.659984Z,price_change,0.21,BUY,-111,0.27,0.2800
2026-01-08T01:33:14.659984Z,price_change,0.22,BUY,111,0.27,0.2800
2026-01-08T01:33:14.712715Z,price_change,0.3000,SELL,-1000,0.27,0.2800
2026-01-08T01:33:14.714294Z,price_change,0.3100,SELL,-2000,0.27,0.2800
2026-01-08T01:33:14.716307Z,price_change,0.3000,SELL,-1000,0.27,0.2800
2026-01-08T01:33:14.800617Z,price_change,0.2800,SELL,-640,0.27,0.2800
2026-01-08T01:33:14.849313Z,price_change,0.27,BUY,-130,0.27,0.2800
1767835994,last_trade_price,0.73,SELL,130,0.27,0.2800
2026-01-08T01:33:14.8697Z,price_change,0.3000,SELL,-50,0.27,0.2800
2026-01-08T01:33:14.872574Z,price_change,0.2900,SELL,-50,0.27,0.2800
2026-01-08T01:33:14.954066Z,price_change,0.25,BUY,-125,0.27,0.2800
2026-01-08T01:33:14.955473Z,price_change,0.3000,SELL,-300,0.27,0.2800
2026-01-08T01:33:14.955993Z,price_change,0.3000,SELL,100,0.27,0.2800
2026-01-08T01:33:14.957035Z,price_change,0.2800,SELL,100,0.27,0.2800
2026-01-08T01:33:14.95774Z,price_change,0.2900,SELL,100,0.27,0.2800
2026-01-08T01:33:14.958757Z,price_change,0.3100,SELL,100,0.27,0.2800
2026-01-08T01:33:15.041541Z,price_change,0.25,BUY,-528,0.27,0.2800
2026-01-08T01:33:15.125598Z,price_change,0.26,BUY,528,0.27,0.2800
2026-01-08T01:33:15.147541Z,price_change,0.25,BUY,-200,0.27,0.2800
2026-01-08T01:33:15.149705Z,price_change,0.2900,SELL,-200,0.27,0.2800
2026-01-08T01:33:15.710659Z,price_change,0.2800,SELL,-10,0.27,0.2800
1767835995,last_trade_price,0.28,BUY,10,0.27,0.2800
2026-01-08T01:33:16.000906Z,price_change,0.3100,SELL,-69000,0.27,0.2800
2026-01-08T01:33:16.133634Z,price_change,0.3000,SELL,-528,0.27,0.2800
2026-01-08T01:33:16.304377Z,price_change,0.3900,SELL,528,0.27,0.2800
2026-01-08T01:33:16.319446Z,price_change,0.6200,SELL,-2115,0.27,0.2800
2026-01-08T01:33:16.364649Z,price_change,0.6100,SELL,2235,0.27,0.2800
2026-01-08T01:33:16.41005Z,price_change,0.24,BUY,-640,0.27,0.2800
,book,0.8900,BUY,32,0.8900,0.9
,book,0.9,SELL,10132,0.8900,0.9
2026-01-08T02:13:20.499147Z,price_change,0.9000,SELL,-108,0.89,0.9000
1767838400,last_trade_price,0.9,BUY,108,0.89,0.9000
2026-01-08T02:13:20.761941Z,price_change,0.83,BUY,2000,0.89,0.9000
2026-01-08T02:13:20.762862Z,price_change,0.9500,SELL,2000,0.89,0.9000
2026-01-08T02:13:20.82216Z,price_change,0.82,BUY,-147,0.89,0.9000
2026-01-08T02:13:20.862867Z,price_change,0.84,BUY,147,0.89,0.9000
2026-01-08T02:13:20.871778Z,price_change,0.9000,SELL,-21,0.89,0.9000
1767838400,last_trade_price,0.9,BUY,21,0.89,0.9000
2026-01-08T02:13:21.021035Z,price_change,0.9300,SELL,-1500,0.89,0.9000
2026-01-08T02:13:21.300277Z,price_change,0.9900,SELL,15000,0.89,0.9000
2026-01-08T02:13:21.333638Z,price_change,0.89,BUY,-32,0.88,0.9000
2026-01-08T02:13:21.333638Z,price_change,0.88,BUY,-362,0.88,0.9000
2026-01-08T02:13:21.333638Z,price_change,0.88,BUY,-829,0.87,0.9000
2026-01-08T02:13:21.333638Z,price_change,0.87,BUY,-3861,0.87,0.9000
1767838401,last_trade_price,0.11,SELL,32,0.87,0.9000
1767838401,last_trade_price,0.12,SELL,362,0.87,0.9000
1767838401,last_trade_price,0.12,SELL,829,0.87,0.9000
1767838401,last_trade_price,0.13,SELL,3861,0.87,0.9000
2026-01-08T02:13:21.346697Z,price_change,0.9100,SELL,-671,0.87,0.9000
2026-01-08T02:13:21.34956Z,price_change,0.86,BUY,414,0.87,0.9000
2026-01-08T02:13:21.358696Z,price_change,0.8900,SELL,1085,0.87,0.8900
2026-01-08T02:13:21.374391Z,price_change,0.88,BUY,1277,0.88,0.8900
2026-01-08T02:13:21.40592Z,price_change,0.9300,SELL,2000,0.88,0.8900
2026-01-08T02:13:21.41818Z,price_change,0.9400,SELL,94,0.88,0.8900
2026-01-08T02:13:21.465167Z,price_change,0.88,BUY,3,0.88,0.8900
2026-01-08T02:13:21.480363Z,price_change,0.9000,SELL,-7500,0.88,0.8900
2026-01-08T02:13:21.49142Z,price_change,0.9400,SELL,-94,0.88,0.8900
2026-01-08T02:13:21.500099Z,price_change,0.9900,SELL,-15000,0.88,0.8900
2026-01-08T02:13:21.504978Z,price_change,0.8900,SELL,-110,0.88,0.8900
1767838401,last_trade_price,0.89,BUY,110,0.88,0.8900
2026-01-08T02:13:21.516187Z,price_change,0.8900,SELL,7500,0.88,0.8900
2026-01-08T02:13:21.518684Z,price_change,0.9100,SELL,-20,0.88,0.8900
2026-01-08T02:13:21.518684Z,price_change,0.9000,SELL,20,0.88,0.8900
2026-01-08T02:13:21.534Z,price_change,0.9400,SELL,94,0.88,0.8900
2026-01-08T02:13:21.561113Z,price_change,0.9400,SELL,-94,0.88,0.8900
2026-01-08T02:13:21.630366Z,price_change,0.8900,SELL,-543,0.88,0.8900
1767838401,last_trade_price,0.89,BUY,543,0.88,0.8900
2026-01-08T02:13:21.640426Z,price_change,0.86,BUY,-414,0.88,0.8900
2026-01-08T02:13:21.642895Z,price_change,0.8900,SELL,-432,0.88,0.8900
2026-01-08T02:13:21.648537Z,price_change,0.87,BUY,741,0.88,0.8900
2026-01-08T02:13:21.656742Z,price_change,0.9000,SELL,759,0.88,0.8900
2026-01-08T02:13:21.658862Z,price_change,0.9400,SELL,94,0.88,0.8900
2026-01-08T02:13:21.976073Z,price_change,0.8900,SELL,-7500,0.88,0.9000
2026-01-08T02:13:21.99688Z,price_change,0.9000,SELL,7500,0.88,0.9000
2026-01-08T02:13:22.024586Z,price_change,0.9400,SELL,-94,0.88,0.9000
2026-01-08T02:13:22.033548Z,price_change,0.87,BUY,98,0.88,0.9000
2026-01-08T02:13:22.035706Z,price_change,0.88,BUY,98,0.88,0.9000
,book,0.9000,BUY,3,0.9000,0.93
,book,0.93,SELL,1543,0.9000,0.93
2026-01-08T02:14:12.891376Z,price_change,0.86,BUY,6,0.9,0.9300
2026-01-08T02:14:13.19228Z,price_change,0.88,BUY,4,0.9,0.9300
2026-01-08T02:14:13.353882Z,price_change,0.8,BUY,-39,0.9,0.9300
2026-01-08T02:14:13.388976Z,price_change,0.9300,SELL,-1493,0.9,0.9300
2026-01-08T02:14:13.388976Z,price_change,0.9300,SELL,-50,0.9,0.9400
2026-01-08T02:14:13.388976Z,price_change,0.93,BUY,18259,0.93,0.9400
1767838453,last_trade_price,0.93,BUY,1493,0.93,0.9400
1767838453,last_trade_price,0.93,BUY,50,0.93,0.9400
2026-01-08T02:14:13.392329Z,price_change,0.81,BUY,39,0.93,0.9400
2026-01-08T02:14:13.402641Z,price_change,0.88,BUY,-4,0.93,0.9400
2026-01-08T02:14:13.409701Z,price_change,0.9400,SELL,749,0.93,0.9400
2026-01-08T02:14:13.410211Z,price_change,0.93,BUY,11883,0.93,0.9400
2026-01-08T02:14:13.413544Z,price_change,0.9400,SELL,-749,0.93,0.9400
2026-01-08T02:14:13.416084Z,price_change,0.92,BUY,751,0.93,0.9400
2026-01-08T02:14:13.416734Z,price_change,0.86,BUY,-1,0.93,0.9400
2026-01-08T02:14:13.427338Z,price_change,0.9500,SELL,749,0.93,0.9400
2026-01-08T02:14:13.641114Z,price_change,0.93,BUY,-70,0.93,0.9400
1767838453,last_trade_price,0.07,SELL,70,0.93,0.9400
2026-01-08T02:14:13.682172Z,price_change,0.9600,SELL,-513,0.93,0.9400
2026-01-08T02:14:13.684435Z,price_change,0.9600,SELL,-513,0.93,0.9400
2026-01-08T02:14:13.68502Z,price_change,0.9600,SELL,-513,0.93,0.9400
2026-01-08T02:14:13.722929Z,price_change,0.93,BUY,-1140,0.93,0.9400
1767838453,last_trade_price,0.07,SELL,1140,0.93,0.9400
2026-01-08T02:14:13.727413Z,price_change,0.9900,SELL,513,0.93,0.9400
2026-01-08T02:14:13.730374Z,price_change,0.9800,SELL,513,0.93,0.9400
2026-01-08T02:14:13.753457Z,price_change,0.9700,SELL,513,0.93,0.9400
2026-01-08T02:14:13.896522Z,price_change,0.86,BUY,-38,0.93,0.9400
2026-01-08T02:14:13.896522Z,price_change,0.87,BUY,94,0.93,0.9400
2026-01-08T02:14:13.991182Z,price_change,0.9500,SELL,136,0.93,0.9400
2026-01-08T02:14:13.99169Z,price_change,0.31,BUY,2282,0.93,0.9400
2026-01-08T02:14:13.992085Z,price_change,0.83,BUY,-513,0.93,0.9400
2026-01-08T02:14:13.992505Z,price_change,0.19,BUY,-16,0.93,0.9400
2026-01-08T02:14:13.993288Z,price_change,0.81,BUY,-39,0.93,0.9400
2026-01-08T02:14:13.993874Z,price_change,0.9400,SELL,91,0.93,0.9400
2026-01-08T02:14:13.993903Z,price_change,0.9700,SELL,-513,0.93,0.9400
2026-01-08T02:14:13.993928Z,price_change,0.9700,SELL,-513,0.93,0.9400
2026-01-08T02:14:13.994106Z,price_change,0.84,BUY,-513,0.93,0.9400
2026-01-08T02:14:13.995148Z,price_change,0.9800,SELL,-513,0.93,0.9400
2026-01-08T02:14:13.995197Z,price_change,0.26,BUY,365,0.93,0.9400
2026-01-08T02:14:13.995461Z,price_change,0.9400,SELL,91,0.93,0.9400
2026-01-08T02:14:13.995468Z,price_change,0.31,BUY,-59,0.93,0.9400
2026-01-08T02:14:14.001378Z,price_change,0.93,BUY,-17049,0.93,0.9400
2026-01-08T02:14:14.001378Z,price_change,0.93,BUY,-11883,0.92,0.9400
2026-01-08T02:14:14.011852Z,price_change,0.92,BUY,-751,0.9,0.9400
2026-01-08T02:14:14.012993Z,price_change,0.9500,SELL,-749,0.9,0.9400
2026-01-08T02:14:14.016427Z,price_change,0.9800,SELL,-513,0.9,0.9400
2026-01-08T02:14:14.017657Z,price_change,0.9700,SELL,-513,0.9,0.9400
2026-01-08T02:14:14.02125Z,price_change,0.9900,SELL,-513,0.9,0.9400
2026-01-08T02:14:14.026711Z,price_change,0.91,BUY,701,0.91,0.9400
2026-01-08T02:14:14.028121Z,price_change,0.9400,SELL,798,0.91,0.9400
2026-01-08T02:14:14.028159Z,price_change,0.9500,SELL,-136,0.91,0.9400
2026-01-08T02:14:14.034406Z,price_change,0.91,BUY,-701,0.9,0.9400
2026-01-08T02:14:14.045497Z,price_change,0.9,BUY,701,0.9,0.9400
2026-01-08T02:14:14.048037Z,price_change,0.9,BUY,-701,0.9,0.9400
2026-01-08T02:14:14.050406Z,price_change,0.9400,SELL,-91,0.9,0.9400
2026-01-08T02:14:14.051393Z,price_change,0.88,BUY,101,0.9,0.9400
2026-01-08T02:14:14.059702Z,price_change,0.9,BUY,701,0.9,0.9400
2026-01-08T02:14:14.062001Z,price_change,0.9400,SELL,-91,0.9,0.9400
2026-01-08T02:14:14.069765Z,price_change,0.89,BUY,1187,0.9,0.9400
2026-01-08T02:14:14.070543Z,price_change,0.9,BUY,1187,0.9,0.9400
2026-01-08T02:14:14.071603Z,price_change,0.9400,SELL,1187,0.9,0.9400
2026-01-08T02:14:14.072586Z,price_change,0.9600,SELL,136,0.9,0.9400
2026-01-08T02:14:14.072888Z,price_change,0.9300,SELL,1187,0.9,0.9300
2026-01-08T02:14:14.07342Z,price_change,0.9400,SELL,1187,0.9,0.9300
2026-01-08T02:14:14.073469Z,price_change,0.9300,SELL,1187,0.9,0.9300
2026-01-08T02:14:14.074277Z,price_change,0.9300,SELL,1187,0.9,0.9300
2026-01-08T02:14:14.085992Z,price_change,0.9400,SELL,-798,0.9,0.9300
2026-01-08T02:14:14.090237Z,price_change,0.88,BUY,-101,0.9,0.9300
2026-01-08T02:14:14.091329Z,price_change,0.83,BUY,91,0.9,0.9300
2026-01-08T02:14:14.093678Z,price_change,0.87,BUY,136,0.9,0.9300
2026-01-08T02:14:14.098723Z,price_change,0.9500,SELL,1187,0.9,0.9300
2026-01-08T02:14:14.101056Z,price_change,0.9300,SELL,798,0.9,0.9300
2026-01-08T02:14:14.102459Z,price_change,0.9,BUY,91,0.9,0.9300
2026-01-08T02:14:14.10767Z,price_change,0.9800,SELL,94,0.9,0.9300
2026-01-08T02:14:14.125364Z,price_change,0.9300,SELL,91,0.9,0.9300
2026-01-08T02:14:14.126037Z,price_change,0.9300,SELL,91,0.9,0.9300
2026-01-08T02:14:14.129343Z,price_change,0.9800,SELL,-94,0.9,0.9300
2026-01-08T02:14:14.160097Z,price_change,0.9400,SELL,-1187,0.9,0.9300
2026-01-08T02:14:14.163595Z,price_change,0.9300,SELL,-1187,0.9,0.9300
2026-01-08T02:14:14.163864Z,price_change,0.9500,SELL,-1187,0.9,0.9300
2026-01-08T02:14:14.182632Z,price_change,0.9300,SELL,-91,0.9,0.9300
2026-01-08T02:14:14.246252Z,price_change,0.9200,SELL,1187,0.9,0.9200
2026-01-08T02:14:14.246329Z,price_change,0.9200,SELL,1187,0.9,0.9200
2026-01-08T02:14:14.249659Z,price_change,0.9200,SELL,1187,0.9,0.9200
2026-01-08T02:14:14.322855Z,price_change,0.9200,SELL,91,0.9,0.9200
2026-01-08T02:14:14.346821Z,price_change,0.9200,SELL,-50,0.9,0.9200
1767838454,last_trade_price,0.92,BUY,50,0.9,0.9200
2026-01-08T02:14:14.417857Z,price_change,0.9,BUY,-2,0.9,0.9200
2026-01-08T02:14:14.417857Z,price_change,0.9,BUY,-1,0.9,0.9200
2026-01-08T02:14:14.417857Z,price_change,0.9,BUY,-701,0.9,0.9200
2026-01-08T02:14:14.417857Z,price_change,0.9,BUY,-1187,0.9,0.9200
2026-01-08T02:14:14.417857Z,price_change,0.9,BUY,-91,0.89,0.9200
1767838454,last_trade_price,0.1,SELL,2,0.89,0.9200
1767838454,last_trade_price,0.1,SELL,1,0.89,0.9200
1767838454,last_trade_price,0.1,SELL,701,0.89,0.9200
1767838454,last_trade_price,0.1,SELL,1187,0.89,0.9200
1767838454,last_trade_price,0.1,SELL,91,0.89,0.9200
2026-01-08T02:14:14.43082Z,price_change,0.9300,SELL,-798,0.89,0.9200
2026-01-08T02:14:14.432137Z,price_change,0.88,BUY,351,0.89,0.9200
2026-01-08T02:14:14.442123Z,price_change,0.9100,SELL,1149,0.89,0.9100
2026-01-08T02:14:14.472097Z,price_change,0.9200,SELL,-1187,0.89,0.9100
2026-01-08T02:14:14.472902Z,price_change,0.9200,SELL,-1187,0.89,0.9100
2026-01-08T02:14:14.473507Z,price_change,0.9200,SELL,-91,0.89,0.9100
2026-01-08T02:14:14.474158Z,price_change,0.9200,SELL,-1137,0.89,0.9100
2026-01-08T02:14:14.48038Z,price_change,0.9600,SELL,400,0.89,0.9100
2026-01-08T02:14:14.487322Z,price_change,0.9100,SELL,-1149,0.89,0.9300
2026-01-08T02:14:14.498558Z,price_change,0.9100,SELL,1149,0.89,0.9100
2026-01-08T02:14:14.501301Z,price_change,0.9100,SELL,-1149,0.89,0.9300
2026-01-08T02:14:14.502515Z,price_change,0.88,BUY,-351,0.89,0.9300
2026-01-08T02:14:14.516057Z,price_change,0.9200,SELL,1149,0.89,0.9200
2026-01-08T02:14:14.51721Z,price_change,0.9200,SELL,-1149,0.89,0.9300
2026-01-08T02:14:14.518441Z,price_change,0.89,BUY,351,0.89,0.9300
2026-01-08T02:14:14.528091Z,price_change,0.89,BUY,-351,0.89,0.9300
2026-01-08T02:14:14.528636Z,price_change,0.87,BUY,-24,0.89,0.9300
2026-01-08T02:14:14.529391Z,price_change,0.9200,SELL,1149,0.89,0.9200
2026-01-08T02:14:14.530941Z,price_change,0.9200,SELL,1187,0.89,0.9200
2026-01-08T02:14:14.531869Z,price_change,0.9300,SELL,91,0.89,0.9200
2026-01-08T02:14:14.53565Z,price_change,0.9200,SELL,1187,0.89,0.9200
2026-01-08T02:14:14.540889Z,price_change,0.9,BUY,25000,0.9,0.9200
2026-01-08T02:14:14.541582Z,price_change,0.89,BUY,351,0.9,0.9200
2026-01-08T02:14:14.544554Z,price_change,0.89,BUY,-351,0.9,0.9200
2026-01-08T02:14:14.551815Z,price_change,0.9200,SELL,-1149,0.9,0.9200
2026-01-08T02:14:14.554363Z,price_change,0.89,BUY,351,0.9,0.9200
2026-01-08T02:14:14.557294Z,price_change,0.9200,SELL,1187,0.9,0.9200
2026-01-08T02:14:14.561372Z,price_change,0.9200,SELL,1149,0.9,0.9200
2026-01-08T02:14:14.563966Z,price_change,0.9400,SELL,19,0.9,0.9200
2026-01-08T02:14:14.565671Z,price_change,0.9200,SELL,-821,0.9,0.9200
1767838454,last_trade_price,0.92,BUY,821,0.9,0.9200
2026-01-08T02:14:14.572453Z,price_change,0.9300,SELL,-91,0.9,0.9200
2026-01-08T02:14:14.579918Z,price_change,0.9,BUY,-6230,0.9,0.9200
1767838454,last_trade_price,0.1,SELL,6230,0.9,0.9200
2026-01-08T02:14:14.582822Z,price_change,0.9200,SELL,-366,0.9,0.9200
2026-01-08T02:14:14.583184Z,price_change,0.9200,SELL,-1187,0.9,0.9200
2026-01-08T02:14:14.5869Z,price_change,0.9200,SELL,-1187,0.9,0.9200
2026-01-08T02:14:14.623571Z,price_change,0.9200,SELL,91,0.9,0.9200
2026-01-08T02:14:14.625991Z,price_change,0.9700,SELL,94,0.9,0.9200
2026-01-08T02:14:14.642209Z,price_change,0.9200,SELL,1187,0.9,0.9200
2026-01-08T02:14:14.64521Z,price_change,0.9200,SELL,1187,0.9,0.9200
2026-01-08T02:14:14.645667Z,price_change,0.9200,SELL,1187,0.9,0.9200
2026-01-08T02:14:14.706369Z,price_change,0.9,BUY,1187,0.9,0.9200
2026-01-08T02:14:14.789793Z,price_change,0.89,BUY,1000,0.9,0.9200
2026-01-08T02:14:14.820151Z,price_change,0.9200,SELL,-1149,0.9,0.9200
2026-01-08T02:14:14.820151Z,price_change,0.9200,SELL,-91,0.9,0.9200
2026-01-08T02:14:14.820151Z,price_change,0.9200,SELL,-1187,0.9,0.9200
2026-01-08T02:14:14.820151Z,price_change,0.9200,SELL,-1187,0.9,0.9200
2026-01-08T02:14:14.820151Z,price_change,0.9200,SELL,-186,0.9,0.9200
1767838454,last_trade_price,0.92,BUY,1149,0.9,0.9200
1767838454,last_trade_price,0.92,BUY,91,0.9,0.9200
1767838454,last_trade_price,0.92,BUY,1187,0.9,0.9200
1767838454,last_trade_price,0.92,BUY,1187,0.9,0.9200
1767838454,last_trade_price,0.92,BUY,186,0.9,0.9200
2026-01-08T02:14:14.825909Z,price_change,0.83,BUY,-91,0.9,0.9200
2026-01-08T02:14:14.837018Z,price_change,0.89,BUY,-351,0.9,0.9200
2026-01-08T02:14:14.838354Z,price_change,0.9300,SELL,540,0.9,0.9200
2026-01-08T02:14:14.849892Z,price_change,0.9,BUY,960,0.9,0.9200
2026-01-08T02:14:14.849998Z,price_change,0.9300,SELL,50,0.9,0.9200
2026-01-08T02:14:14.859562Z,price_change,0.9200,SELL,-1001,0.9,0.9300
2026-01-08T02:14:14.863436Z,price_change,0.89,BUY,91,0.9,0.9300
2026-01-08T02:14:14.868591Z,price_change,0.9,BUY,-960,0.9,0.9300
2026-01-08T02:14:14.871234Z,price_change,0.9300,SELL,-540,0.9,0.9300
2026-01-08T02:14:14.881883Z,price_change,0.91,BUY,960,0.91,0.9300
2026-01-08T02:14:14.883166Z,price_change,0.9400,SELL,540,0.91,0.9300
2026-01-08T02:14:14.900697Z,price_change,0.9200,SELL,1187,0.91,0.9200
2026-01-08T02:14:14.901571Z,price_change,0.89,BUY,-91,0.91,0.9200
2026-01-08T02:14:14.902516Z,price_change,0.9200,SELL,1187,0.91,0.9200
2026-01-08T02:14:14.907361Z,price_change,0.9700,SELL,-94,0.91,0.9200
2026-01-08T02:14:14.90806Z,price_change,0.89,BUY,-1000,0.91,0.9200
2026-01-08T02:14:14.922239Z,price_change,0.9200,SELL,1187,0.91,0.9200
2026-01-08T02:14:14.938239Z,price_change,0.83,BUY,91,0.91,0.9200
2026-01-08T02:14:14.964851Z,price_change,0.9200,SELL,-1187,0.91,0.9200
2026-01-08T02:14:14.984299Z,price_change,0.9200,SELL,-1187,0.91,0.9200
2026-01-08T02:14:14.986079Z,price_change,0.9200,SELL,-1187,0.91,0.9300
2026-01-08T02:14:15.030337Z,price_change,0.9400,SELL,1187,0.91,0.9300
2026-01-08T02:14:15.030675Z,price_change,0.9500,SELL,1187,0.91,0.9300
2026-01-08T02:14:15.031502Z,price_change,0.9300,SELL,1187,0.91,0.9300
2026-01-08T02:14:15.054537Z,price_change,0.9,BUY,8629,0.91,0.9300
2026-01-08T02:14:15.069456Z,price_change,0.87,BUY,-70,0.91,0.9300
2026-01-08T02:14:15.069456Z,price_change,0.86,BUY,94,0.91,0.9300
2026-01-08T02:14:15.081785Z,price_change,0.9400,SELL,-19,0.91,0.9300
2026-01-08T02:14:15.081785Z,price_change,0.9300,SELL,26,0.91,0.9300
2026-01-08T02:14:15.157346Z,price_change,0.9500,SELL,691,0.91,0.9300
2026-01-08T02:14:15.157814Z,price_change,0.76,BUY,691,0.91,0.9300
2026-01-08T02:14:15.240241Z,price_change,0.9300,SELL,-267,0.91,0.9300
1767838455,last_trade_price,0.93,BUY,267,0.91,0.9300
2026-01-08T02:14:15.280563Z,price_change,0.9400,SELL,150,0.91,0.9300
2026-01-08T02:14:15.282608Z,price_change,0.9,BUY,150,0.91,0.9300
2026-01-08T02:14:15.361855Z,price_change,0.9500,SELL,-150,0.91,0.9300
2026-01-08T02:14:15.49707Z,price_change,0.91,BUY,-15,0.91,0.9300
1767838455,last_trade_price,0.09,SELL,15,0.91,0.9300
2026-01-08T02:14:15.66006Z,price_change,0.91,BUY,-8,0.91,0.9300
1767838455,last_trade_price,0.09,SELL,8,0.91,0.9300
2026-01-08T02:14:15.892527Z,price_change,0.91,BUY,8629,0.91,0.9300
2026-01-08T02:14:15.903952Z,price_change,0.9300,SELL,-920,0.91,0.9300
2026-01-08T02:14:15.903952Z,price_change,0.9300,SELL,-1187,0.91,0.9300
2026-01-08T02:14:15.903952Z,price_change,0.9300,SELL,-91,0.91,0.9300
2026-01-08T02:14:15.903952Z,price_change,0.9300,SELL,-50,0.91,0.9300
2026-01-08T02:14:15.903952Z,price_change,0.9300,SELL,-1187,0.91,0.9300
2026-01-08T02:14:15.903952Z,price_change,0.9300,SELL,-26,0.91,0.9400
2026-01-08T02:14:15.903952Z,price_change,0.9400,SELL,-6539,0.91,0.9400
1767838455,last_trade_price,0.93,BUY,920,0.91,0.9400
1767838455,last_trade_price,0.93,BUY,1187,0.91,0.9400
1767838455,last_trade_price,0.93,BUY,91,0.91,0.9400
1767838455,last_trade_price,0.93,BUY,50,0.91,0.9400
1767838455,last_trade_price,0.93,BUY,1187,0.91,0.9400
1767838455,last_trade_price,0.93,BUY,26,0.91,0.9400
1767838455,last_trade_price,0.94,BUY,6539,0.91,0.9400
2026-01-08T02:14:15.927498Z,price_change,0.9800,SELL,94,0.91,0.9400
2026-01-08T02:14:15.953423Z,price_change,0.9300,SELL,1187,0.91,0.9300
2026-01-08T02:14:15.97823Z,price_change,0.9300,SELL,1187,0.91,0.9300
2026-01-08T02:14:16.041728Z,price_change,0.9,BUY,91,0.91,0.9300
2026-01-08T02:14:16.19594Z,price_change,0.91,BUY,-357,0.91,0.9300
1767838456,last_trade_price,0.09,SELL,357,0.91,0.9300
2026-01-08T02:14:16.208495Z,price_change,0.91,BUY,-580,0.91,0.9300
2026-01-08T02:14:16.209995Z,price_change,0.9400,SELL,-540,0.91,0.9300
2026-01-08T02:14:16.219229Z,price_change,0.91,BUY,770,0.91,0.9300
2026-01-08T02:14:16.224097Z,price_change,0.9400,SELL,730,0.91,0.9300
2026-01-08T02:14:16.265043Z,price_change,0.9300,SELL,91,0.91,0.9300
2026-01-08T02:14:16.286486Z,price_change,0.9300,SELL,2,0.91,0.9300
2026-01-08T02:14:16.359043Z,price_change,0.92,BUY,13,0.92,0.9300
2026-01-08T02:14:16.500195Z,price_change,0.86,BUY,-94,0.92,0.9300
2026-01-08T02:14:16.500195Z,price_change,0.87,BUY,21,0.92,0.9300
2026-01-08T02:14:16.571107Z,price_change,0.9,BUY,-150,0.92,0.9300
2026-01-08T02:14:16.572445Z,price_change,0.9400,SELL,-150,0.92,0.9300
2026-01-08T02:14:16.636502Z,price_change,0.9300,SELL,-856,0.92,0.9300
1767838456,last_trade_price,0.93,BUY,856,0.92,0.9300
2026-01-08T02:14:16.677829Z,price_change,0.83,BUY,-91,0.92,0.9300
2026-01-08T02:14:16.693381Z,price_change,0.9800,SELL,50,0.92,0.9300
2026-01-08T02:14:16.696001Z,price_change,0.9700,SELL,50,0.92,0.9300
2026-01-08T02:14:16.72381Z,price_change,0.9,BUY,91,0.92,0.9300
2026-01-08T02:14:16.766808Z,price_change,0.9300,SELL,-2,0.92,0.9300
2026-01-08T02:14:16.766808Z,price_change,0.9400,SELL,2,0.92,0.9300
2026-01-08T02:14:16.77259Z,price_change,0.9500,SELL,587,0.92,0.9300
2026-01-08T02:14:16.844122Z,price_change,0.9700,SELL,100,0.92,0.9300
2026-01-08T02:14:16.847213Z,price_change,0.92,BUY,100,0.92,0.9300
2026-01-08T02:14:16.893704Z,price_change,0.87,BUY,-21,0.92,0.9300
2026-01-08T02:14:16.893704Z,price_change,0.86,BUY,94,0.92,0.9300
2026-01-08T02:14:16.977864Z,price_change,0.9300,SELL,50,0.92,0.9300
2026-01-08T02:14:17.003186Z,price_change,0.9800,SELL,150,0.92,0.9300
2026-01-08T02:14:17.004643Z,price_change,0.92,BUY,62,0.92,0.9300
2026-01-08T02:14:17.151765Z,price_change,0.92,BUY,-5,0.92,0.9300
1767838457,last_trade_price,0.08,SELL,5,0.92,0.9300
2026-01-08T02:14:17.318206Z,price_change,0.9300,SELL,-4,0.92,0.9300
1767838457,last_trade_price,0.93,BUY,4,0.92,0.9300
2026-01-08T02:14:17.349915Z,price_change,0.9300,SELL,-91,0.92,0.9300
2026-01-08T02:14:17.377093Z,price_change,0.9800,SELL,-94,0.92,0.9300
2026-01-08T02:14:17.420245Z,price_change,0.9400,SELL,91,0.92,0.9300
2026-01-08T02:14:17.549939Z,price_change,0.9300,SELL,-1,0.92,0.9300
1767838457,last_trade_price,0.93,BUY,1,0.92,0.9300
2026-01-08T02:14:17.563617Z,price_change,0.9400,SELL,-1,0.92,0.9300
