timestamp,event_type,price,side,size,best_bid,best_ask
,book,0.5700,BUY,97904,0.5700,0.59
,book,0.59,SELL,108141,0.5700,0.59
2026-01-03T20:14:18.655783Z,price_change,0.73,SELL,5,0.57,0.59
2026-01-03T20:14:19.793535Z,price_change,0.5900000000000001,SELL,-491,0.57,0.59
2026-01-03T20:14:20.115173Z,price_change,0.57,BUY,245,0.57,0.59
2026-01-03T20:14:29.457937Z,price_change,0.5900000000000001,SELL,-520,0.57,0.59
2026-01-03T20:16:35.426483Z,price_change,0.6,SELL,5,0.57,0.59
2026-01-03T20:16:48.486792Z,price_change,0.6,SELL,-5,0.57,0.59
2026-01-03T20:17:01.545393Z,price_change,0.6,SELL,5,0.57,0.59
2026-01-03T20:17:02.383999Z,price_change,0.5900000000000001,SELL,-25,0.57,0.59
2026-01-03T20:17:02.574366Z,price_change,0.57,BUY,13,0.57,0.59
2026-01-03T20:17:02.595181Z,price_change,0.54,BUY,500,0.57,0.59
2026-01-03T20:17:11.917671Z,price_change,0.5900000000000001,SELL,-149,0.57,0.59
,book,0.5700,BUY,98162,0.5700,0.59
,book,0.59,SELL,106956,0.5700,0.59
2026-01-03T20:17:36.000046Z,price_change,0.54,BUY,-500,0.57,0.59
2026-01-03T20:17:49.588872Z,price_change,0.6,SELL,-5,0.57,0.59
2026-01-03T20:17:59.131955Z,price_change,0.57,BUY,-50,0.57,0.59
2026-01-03T20:17:59.244314Z,price_change,0.57,BUY,-200,0.57,0.59
2026-01-03T20:17:59.269807Z,price_change,0.56,BUY,200,0.57,0.59
2026-01-03T20:17:59.302979Z,price_change,0.6,SELL,-200,0.57,0.59
2026-01-03T20:17:59.337779Z,price_change,0.5900000000000001,SELL,200,0.57,0.59
2026-01-03T20:17:59.39188Z,price_change,0.5900000000000001,SELL,50,0.57,0.59
2026-01-03T20:17:59.444237Z,price_change,0.57,BUY,25,0.57,0.59
2026-01-03T20:18:01.877979Z,price_change,0.54,BUY,500,0.57,0.59
2026-01-03T20:18:06.136979Z,price_change,0.6,SELL,5,0.57,0.59
2026-01-03T20:18:15.207761Z,price_change,0.6,SELL,-5,0.57,0.59
2026-01-03T20:18:32.312873Z,price_change,0.6,SELL,5,0.57,0.59
2026-01-03T20:18:41.388126Z,price_change,0.6,SELL,-5,0.57,0.59
2026-01-03T20:18:58.296166Z,price_change,0.6,SELL,5,0.57,0.59
2026-01-03T20:18:59.417793Z,price_change,0.5900000000000001,SELL,-10,0.57,0.59
2026-01-03T20:18:59.851675Z,price_change,0.5900000000000001,SELL,10,0.57,0.59
2026-01-03T20:19:07.216534Z,price_change,0.6,SELL,-5,0.57,0.59
2026-01-03T20:19:12.575563Z,price_change,0.5900000000000001,SELL,-962,0.57,0.59
2026-01-03T20:19:16.556623Z,price_change,0.81,SELL,-636,0.57,0.59
2026-01-03T20:19:16.610785Z,price_change,0.25,BUY,-603,0.57,0.59
2026-01-03T20:19:16.808549Z,price_change,0.25,BUY,614,0.57,0.59
2026-01-03T20:19:16.847854Z,price_change,0.81,SELL,641,0.57,0.59
2026-01-03T20:19:24.576735Z,price_change,0.6,SELL,5,0.57,0.59
2026-01-03T20:19:26.036947Z,price_change,0.57,BUY,-542,0.57,0.59
2026-01-03T20:19:26.038844Z,price_change,0.5900000000000001,SELL,-6,0.57,0.59
2026-01-03T20:19:26.040377Z,price_change,0.6,SELL,-1000,0.57,0.59
2026-01-03T20:19:26.074618Z,price_change,0.56,BUY,1000,0.57,0.59
2026-01-03T20:19:26.076618Z,price_change,0.57,BUY,92,0.57,0.59
2026-01-03T20:19:26.078351Z,price_change,0.5800000000000001,SELL,449,0.57,0.5800000000000001
2026-01-03T20:19:26.080114Z,price_change,0.5900000000000001,SELL,7,0.57,0.5800000000000001
2026-01-03T20:19:26.611856Z,price_change,0.6,SELL,-5,0.57,0.5800000000000001
2026-01-03T20:19:58.926472Z,price_change,0.5800000000000001,SELL,-8,0.57,0.5800000000000001
2026-01-03T20:20:02.001179Z,price_change,0.54,BUY,-500,0.57,0.5800000000000001
2026-01-03T20:20:08.27794Z,price_change,0.57,BUY,-450,0.57,0.5800000000000001
2026-01-03T20:20:08.30552Z,price_change,0.57,BUY,458,0.57,0.5800000000000001
,book,0.5700,BUY,97495,0.5700,0.58
,book,0.58,SELL,383,0.5700,0.58
2026-01-03T20:21:34.143668Z,price_change,0.5800000000000001,SELL,58,0.57,0.58
2026-01-03T20:21:41.613138Z,price_change,0.57,BUY,-8,0.57,0.58
2026-01-03T20:21:41.614708Z,price_change,0.5800000000000001,SELL,-383,0.57,0.58
2026-01-03T20:21:41.701524Z,price_change,0.57,BUY,66,0.57,0.58
2026-01-03T20:21:41.703155Z,price_change,0.5800000000000001,SELL,325,0.57,0.58
2026-01-03T20:21:41.789304Z,price_change,0.56,BUY,-200,0.57,0.58
2026-01-03T20:21:41.814457Z,price_change,0.57,BUY,200,0.57,0.58
2026-01-03T20:21:41.849188Z,price_change,0.5900000000000001,SELL,-200,0.57,0.58
2026-01-03T20:21:41.898434Z,price_change,0.6,SELL,200,0.57,0.58
2026-01-03T20:21:42.146419Z,price_change,0.57,BUY,-200,0.57,0.58
2026-01-03T20:21:42.181306Z,price_change,0.56,BUY,200,0.57,0.58
2026-01-03T20:21:42.213868Z,price_change,0.6,SELL,-200,0.57,0.58
2026-01-03T20:21:42.249219Z,price_change,0.5900000000000001,SELL,200,0.57,0.58
2026-01-03T20:22:20.703925Z,price_change,0.5800000000000001,SELL,-58,0.57,0.58
2026-01-03T20:22:20.703925Z,price_change,0.5800000000000001,SELL,-108,0.57,0.58
2026-01-03T20:22:25.395669Z,price_change,0.5900000000000001,SELL,104,0.57,0.58
2026-01-03T20:22:28.547412Z,price_change,0.5900000000000001,SELL,30,0.57,0.58
2026-01-03T20:22:36.456704Z,price_change,0.5800000000000001,SELL,-2,0.57,0.58
2026-01-03T20:22:45.093377Z,price_change,0.5800000000000001,SELL,-16,0.57,0.58
2026-01-03T20:22:46.028874Z,price_change,0.5800000000000001,SELL,-41,0.57,0.58
2026-01-03T20:22:54.866426Z,price_change,0.57,BUY,-92,0.57,0.58
2026-01-03T20:22:54.954454Z,price_change,0.57,BUY,317,0.57,0.58
2026-01-03T20:23:01.003909Z,price_change,0.54,BUY,-500,0.57,0.58
2026-01-03T20:23:25.838048Z,price_change,0.54,BUY,500,0.57,0.58
2026-01-03T20:23:39.192179Z,price_change,0.54,BUY,500,0.57,0.58
2026-01-03T20:23:59.3143Z,price_change,0.5800000000000001,SELL,-16,0.57,0.58
2026-01-03T20:24:00.512331Z,price_change,0.5900000000000001,SELL,-10,0.57,0.58
2026-01-03T20:24:00.926444Z,price_change,0.5900000000000001,SELL,10,0.57,0.58
2026-01-03T20:24:01.0002Z,price_change,0.61,SELL,-8000,0.57,0.58
2026-01-03T20:24:01.667427Z,price_change,0.5800000000000001,SELL,16,0.57,0.58
2026-01-03T20:24:35.666269Z,price_change,0.5800000000000001,SELL,-1,0.57,0.58
2026-01-03T20:24:40.494718Z,price_change,0.57,BUY,-458,0.57,0.58
2026-01-03T20:24:40.49693Z,price_change,0.5800000000000001,SELL,-141,0.57,0.58
2026-01-03T20:24:40.559507Z,price_change,0.57,BUY,474,0.57,0.58
2026-01-03T20:24:40.560536Z,price_change,0.5800000000000001,SELL,126,0.57,0.58
2026-01-03T20:24:55.731709Z,price_change,0.5800000000000001,SELL,-8,0.57,0.58
2026-01-03T20:25:07.260361Z,price_change,0.5900000000000001,SELL,767,0.57,0.58
2026-01-03T20:25:07.59255Z,price_change,0.5900000000000001,SELL,-767,0.57,0.58
2026-01-03T20:25:09.930393Z,price_change,0.57,BUY,-66,0.57,0.58
2026-01-03T20:25:09.93224Z,price_change,0.5800000000000001,SELL,-8,0.57,0.58
2026-01-03T20:25:09.995741Z,price_change,0.57,BUY,75,0.57,0.58
2026-01-03T20:25:09.996571Z,price_change,0.5800000000000001,SELL,7,0.57,0.58
2026-01-03T20:25:18.938546Z,price_change,0.5900000000000001,SELL,767,0.57,0.58
2026-01-03T20:25:51.384897Z,price_change,0.5800000000000001,SELL,-38,0.57,0.58
2026-01-03T20:25:51.579867Z,price_change,0.56,BUY,-200,0.57,0.58
2026-01-03T20:25:51.604506Z,price_change,0.57,BUY,200,0.57,0.58
2026-01-03T20:25:51.637384Z,price_change,0.5900000000000001,SELL,-200,0.57,0.58
2026-01-03T20:25:51.674719Z,price_change,0.6,SELL,200,0.57,0.58
2026-01-03T20:26:02.867835Z,price_change,0.57,BUY,-317,0.57,0.58
2026-01-03T20:26:02.897903Z,price_change,0.57,BUY,355,0.57,0.58
2026-01-03T20:26:12.735712Z,price_change,0.5800000000000001,SELL,-2,0.57,0.58
2026-01-03T20:26:17.432846Z,price_change,0.57,BUY,-474,0.57,0.58
2026-01-03T20:26:17.546821Z,price_change,0.57,BUY,476,0.57,0.58
2026-01-03T20:26:25.19624Z,price_change,0.5800000000000001,SELL,-2,0.57,0.58
2026-01-03T20:26:34.36025Z,price_change,0.5800000000000001,SELL,2,0.57,0.58
2026-01-03T20:26:38.003039Z,price_change,0.54,BUY,-500,0.57,0.58
2026-01-03T20:26:38.540159Z,price_change,0.57,BUY,-75,0.57,0.58
2026-01-03T20:26:38.541056Z,price_change,0.5800000000000001,SELL,-84,0.57,0.58
2026-01-03T20:26:38.555391Z,price_change,0.57,BUY,77,0.57,0.58
2026-01-03T20:26:38.556471Z,price_change,0.5800000000000001,SELL,82,0.57,0.58
2026-01-03T20:27:12.593632Z,price_change,0.5800000000000001,SELL,-7,0.57,0.58
2026-01-03T20:27:12.593632Z,price_change,0.5800000000000001,SELL,-2,0.57,0.58
2026-01-03T20:27:12.593632Z,price_change,0.5800000000000001,SELL,-82,0.57,0.58
2026-01-03T20:27:12.593632Z,price_change,0.5900000000000001,SELL,-239,0.57,0.58
2026-01-03T20:27:14.714748Z,price_change,0.57,BUY,119,0.57,0.58
2026-01-03T20:27:18.11718Z,price_change,0.57,BUY,-355,0.57,0.58
2026-01-03T20:27:18.153571Z,price_change,0.57,BUY,446,0.57,0.58
2026-01-03T20:27:21.365622Z,price_change,0.6,SELL,5,0.57,0.58
2026-01-03T20:27:29.314299Z,price_change,0.6,SELL,-5,0.57,0.58
2026-01-03T20:27:43.427353Z,price_change,0.6,SELL,5,0.57,0.58
2026-01-03T20:27:56.414132Z,price_change,0.6,SELL,-5,0.57,0.58
2026-01-03T20:28:03.052944Z,price_change,0.5900000000000001,SELL,-16,0.57,0.58
2026-01-03T20:28:03.244898Z,price_change,0.57,BUY,8,0.57,0.58
2026-01-03T20:28:17.366934Z,price_change,0.56,BUY,5,0.57,0.58
2026-01-03T20:28:21.3678Z,price_change,0.5900000000000001,SELL,-8,0.57,0.58
2026-01-03T20:28:21.369986Z,price_change,0.56,BUY,-5,0.57,0.58
2026-01-03T20:28:21.554783Z,price_change,0.57,BUY,4,0.57,0.58
2026-01-03T20:28:25.004043Z,price_change,0.54,BUY,-500,0.57,0.58
2026-01-03T20:28:42.563779Z,price_change,0.5900000000000001,SELL,-18,0.57,0.58
2026-01-03T20:28:42.78037Z,price_change,0.57,BUY,9,0.57,0.58
2026-01-03T20:28:50.179722Z,price_change,0.54,BUY,500,0.57,0.58
2026-01-03T20:28:58.760164Z,price_change,0.5900000000000001,SELL,-50,0.57,0.58
2026-01-03T20:28:59.022919Z,price_change,0.5900000000000001,SELL,29,0.57,0.58
2026-01-03T20:29:00.328204Z,price_change,0.6,SELL,5,0.57,0.58
2026-01-03T20:29:11.538026Z,price_change,0.54,BUY,500,0.57,0.58
,book,0.5700,BUY,98276,0.5700,0.59
,book,0.59,SELL,106510,0.5700,0.59
2026-01-03T20:29:26.237306Z,price_change,0.6,SELL,5,0.57,0.59
2026-01-03T20:29:39.481014Z,price_change,0.6,SELL,-5,0.57,0.59
2026-01-03T20:29:52.377414Z,price_change,0.6,SELL,5,0.57,0.59
2026-01-03T20:30:05.236317Z,price_change,0.5900000000000001,SELL,67,0.57,0.59
2026-01-03T20:30:05.265124Z,price_change,0.56,BUY,5,0.57,0.59
2026-01-03T20:30:05.269948Z,price_change,0.6,SELL,-5,0.57,0.59
,book,0.5700,BUY,98276,0.5700,0.59
,book,0.59,SELL,106577,0.5700,0.59
2026-01-03T20:30:15.811549Z,price_change,0.5900000000000001,SELL,-157,0.57,0.59
2026-01-03T20:30:15.85584Z,price_change,0.5900000000000001,SELL,-67,0.57,0.59
2026-01-03T20:30:15.856602Z,price_change,0.5900000000000001,SELL,-29,0.57,0.59
2026-01-03T20:30:18.09623Z,price_change,0.6,SELL,5,0.57,0.59
2026-01-03T20:30:18.099033Z,price_change,0.56,BUY,-5,0.57,0.59
2026-01-03T20:30:31.206071Z,price_change,0.6,SELL,-5,0.57,0.59
2026-01-03T20:30:48.575639Z,price_change,0.6,SELL,5,0.57,0.59
2026-01-03T20:30:56.46723Z,price_change,0.6,SELL,-5,0.57,0.59
2026-01-03T20:31:14.236264Z,price_change,0.6,SELL,5,0.57,0.59
,book,0.5700,BUY,98408,0.5700,0.59
,book,0.59,SELL,107530,0.5700,0.59
2026-01-03T20:41:25.803067Z,price_change,0.5900000000000001,SELL,-16,0.57,0.59
2026-01-03T20:41:25.999214Z,price_change,0.57,BUY,8,0.57,0.59
2026-01-03T20:41:27.188865Z,price_change,0.5900000000000001,SELL,41,0.57,0.59
2026-01-03T20:41:38.093251Z,price_change,0.6,SELL,5,0.57,0.59
2026-01-03T20:41:54.692503Z,price_change,0.6,SELL,-5,0.57,0.59
2026-01-03T20:41:56.876309Z,price_change,0.5900000000000001,SELL,-8,0.57,0.59
2026-01-03T20:41:57.074784Z,price_change,0.57,BUY,4,0.57,0.59
2026-01-03T20:42:00.483355Z,price_change,0.5900000000000001,SELL,-8,0.57,0.59
2026-01-03T20:42:00.699163Z,price_change,0.57,BUY,4,0.57,0.59
2026-01-03T20:42:00.712963Z,price_change,0.56,BUY,-200,0.57,0.59
2026-01-03T20:42:00.739156Z,price_change,0.57,BUY,200,0.57,0.59
2026-01-03T20:42:00.772161Z,price_change,0.5900000000000001,SELL,-200,0.57,0.59
2026-01-03T20:42:00.804732Z,price_change,0.6,SELL,200,0.57,0.59
2026-01-03T20:42:08.26474Z,price_change,0.6,SELL,5,0.57,0.59
2026-01-03T20:42:56.132829Z,price_change,0.5900000000000001,SELL,-81,0.57,0.59
2026-01-03T20:42:56.326704Z,price_change,0.57,BUY,41,0.57,0.59
2026-01-03T20:43:18.000992Z,price_change,0.54,BUY,-500,0.57,0.59
2026-01-03T20:43:24.591025Z,price_change,0.5900000000000001,SELL,-40,0.57,0.59
2026-01-03T20:43:24.932626Z,price_change,0.57,BUY,20,0.57,0.59
,book,0.5700,BUY,98685,0.5700,0.59
,book,0.59,SELL,107218,0.5700,0.59
2026-01-03T20:44:33.952009Z,price_change,0.5900000000000001,SELL,-16,0.57,0.59
2026-01-03T20:44:34.137835Z,price_change,0.57,BUY,8,0.57,0.59
2026-01-03T20:44:35.03695Z,price_change,0.5900000000000001,SELL,-10,0.57,0.59
2026-01-03T20:44:35.481894Z,price_change,0.5900000000000001,SELL,10,0.57,0.59
2026-01-03T20:44:37.001141Z,price_change,0.54,BUY,-500,0.57,0.59
2026-01-03T20:44:49.586001Z,price_change,0.5900000000000001,SELL,-409,0.57,0.59
2026-01-03T20:44:51.526156Z,price_change,0.57,BUY,204,0.57,0.59
2026-01-03T20:44:54.086248Z,price_change,0.5900000000000001,SELL,-16,0.57,0.59
2026-01-03T20:44:54.275784Z,price_change,0.57,BUY,8,0.57,0.59
2026-01-03T20:44:58.07064Z,price_change,0.5900000000000001,SELL,-51,0.57,0.59
2026-01-03T20:44:58.11574Z,price_change,0.5900000000000001,SELL,-41,0.57,0.59
2026-01-03T20:44:58.116898Z,price_change,0.5900000000000001,SELL,-104,0.57,0.59
2026-01-03T20:45:02.774447Z,price_change,0.54,BUY,500,0.57,0.59
,book,0.5700,BUY,71070,0.5700,0.58
,book,0.58,SELL,200,0.5700,0.58
2026-01-03T20:48:19.434367Z,price_change,0.5800000000000001,SELL,-8,0.57,0.58
2026-01-03T20:48:57.082872Z,price_change,0.56,BUY,-5,0.57,0.58
2026-01-03T20:48:57.11126Z,price_change,0.54,BUY,30,0.57,0.58
2026-01-03T20:48:57.112687Z,price_change,0.61,SELL,30,0.57,0.58
2026-01-03T20:48:57.132895Z,price_change,0.54,BUY,30,0.57,0.58
2026-01-03T20:48:57.133002Z,price_change,0.54,BUY,30,0.57,0.58
2026-01-03T20:48:57.137076Z,price_change,0.61,SELL,30,0.57,0.58
2026-01-03T20:48:57.137169Z,price_change,0.61,SELL,30,0.57,0.58
2026-01-03T20:48:59.000442Z,price_change,0.54,BUY,-500,0.57,0.58
2026-01-03T20:49:01.126215Z,price_change,0.5800000000000001,SELL,-192,0.57,0.58
2026-01-03T20:49:01.244403Z,price_change,0.55,BUY,-200,0.57,0.58
2026-01-03T20:49:01.270104Z,price_change,0.56,BUY,200,0.57,0.58
2026-01-03T20:49:01.336611Z,price_change,0.5900000000000001,SELL,200,0.57,0.58
2026-01-03T20:49:13.71085Z,price_change,0.54,BUY,500,0.57,0.58
2026-01-03T20:49:18.546195Z,price_change,0.6,SELL,5,0.57,0.58
2026-01-03T20:49:49.680212Z,price_change,0.6,SELL,-5,0.57,0.58
2026-01-03T20:49:49.98983Z,price_change,0.5900000000000001,SELL,-1475,0.57,0.58
2026-01-03T20:49:50.435907Z,price_change,0.5900000000000001,SELL,-10,0.57,0.58
2026-01-03T20:49:50.879304Z,price_change,0.5900000000000001,SELL,10,0.57,0.58
2026-01-03T20:49:51.803673Z,price_change,0.57,BUY,738,0.57,0.58
2026-01-03T20:49:52.427269Z,price_change,0.5900000000000001,SELL,-200,0.57,0.58
2026-01-03T20:49:52.622306Z,price_change,0.57,BUY,100,0.57,0.58
2026-01-03T20:50:00.962348Z,price_change,0.5900000000000001,SELL,-100,0.57,0.58
2026-01-03T20:50:01.151081Z,price_change,0.57,BUY,50,0.57,0.58
2026-01-03T20:50:02.000531Z,price_change,0.54,BUY,-500,0.57,0.58
2026-01-03T20:50:19.597686Z,price_change,0.5900000000000001,SELL,-8,0.57,0.58
2026-01-03T20:50:19.794088Z,price_change,0.57,BUY,4,0.57,0.58
2026-01-03T20:50:25.897157Z,price_change,0.54,BUY,500,0.57,0.58
2026-01-03T20:50:30.255588Z,price_change,0.5900000000000001,SELL,-9,0.57,0.58
2026-01-03T20:50:30.453457Z,price_change,0.57,BUY,4,0.57,0.58
2026-01-03T20:50:32.608586Z,price_change,0.5900000000000001,SELL,-163,0.57,0.58
2026-01-03T20:50:32.970849Z,price_change,0.57,BUY,82,0.57,0.58
2026-01-03T20:50:39.509282Z,price_change,0.5900000000000001,SELL,-103,0.57,0.58
2026-01-03T20:50:39.852451Z,price_change,0.57,BUY,51,0.57,0.58
2026-01-03T20:50:54.809429Z,price_change,0.6,SELL,5,0.57,0.58
2026-01-03T20:51:01.074905Z,price_change,0.5900000000000001,SELL,-1,0.57,0.58
2026-01-03T20:51:01.209811Z,price_change,0.57,BUY,1,0.57,0.58
2026-01-03T20:51:20.052152Z,price_change,0.57,BUY,261,0.57,0.58
2026-01-03T20:51:29.825766Z,price_change,0.5900000000000001,SELL,-8,0.57,0.58
2026-01-03T20:51:30.013975Z,price_change,0.57,BUY,4,0.57,0.58
2026-01-03T20:51:31.789042Z,price_change,0.56,BUY,5,0.57,0.58
2026-01-03T20:51:33.564664Z,price_change,0.6,SELL,-5,0.57,0.58
2026-01-03T20:51:40.933709Z,price_change,0.5900000000000001,SELL,-16,0.57,0.58
2026-01-03T20:51:41.122057Z,price_change,0.57,BUY,8,0.57,0.58
2026-01-03T20:51:43.330117Z,price_change,0.54,BUY,500,0.57,0.58
2026-01-03T20:51:54.369938Z,price_change,0.5900000000000001,SELL,-151,0.57,0.58
2026-01-03T20:51:56.719069Z,price_change,0.57,BUY,75,0.57,0.58
2026-01-03T20:51:57.975466Z,price_change,0.54,BUY,-500,0.57,0.58
2026-01-03T20:52:00.899191Z,price_change,0.5900000000000001,SELL,-494,0.57,0.58
2026-01-03T20:52:01.095004Z,price_change,0.57,BUY,247,0.57,0.58
2026-01-03T20:52:32.505029Z,price_change,0.56,BUY,-5,0.57,0.58
2026-01-03T20:52:47.304989Z,price_change,0.5900000000000001,SELL,-41,0.57,0.58
2026-01-03T20:52:47.491959Z,price_change,0.57,BUY,21,0.57,0.58
2026-01-03T20:52:49.522251Z,price_change,0.5900000000000001,SELL,-16,0.57,0.58
2026-01-03T20:52:49.71807Z,price_change,0.57,BUY,8,0.57,0.58
2026-01-03T20:52:56.750635Z,price_change,0.5900000000000001,SELL,-301,0.57,0.58
2026-01-03T20:52:56.87024Z,price_change,0.56,BUY,-200,0.57,0.58
2026-01-03T20:52:56.939676Z,price_change,0.57,BUY,200,0.57,0.58
2026-01-03T20:52:57.047866Z,price_change,0.5900000000000001,SELL,-200,0.57,0.58
2026-01-03T20:52:57.067241Z,price_change,0.57,BUY,150,0.57,0.58
2026-01-03T20:52:57.15564Z,price_change,0.6,SELL,200,0.57,0.58
2026-01-03T20:52:59.937556Z,price_change,0.5900000000000001,SELL,-245,0.57,0.58
2026-01-03T20:53:01.812433Z,price_change,0.57,BUY,123,0.57,0.58
,book,0.5700,BUY,39449,0.5700,0.58
,book,0.58,SELL,331574,0.5700,0.58
2026-01-03T23:16:06.51033Z,price_change,0.5800000000000001,SELL,-175,0.57,0.58
2026-01-03T23:16:08.350502Z,price_change,0.5800000000000001,SELL,-100,0.57,0.58
2026-01-03T23:16:08.523543Z,price_change,0.5800000000000001,SELL,-98,0.57,0.58
2026-01-03T23:16:11.50752Z,price_change,0.5800000000000001,SELL,-15,0.57,0.58
2026-01-03T23:16:12.246763Z,price_change,0.5800000000000001,SELL,-204,0.57,0.58
2026-01-03T23:16:12.474967Z,price_change,0.5800000000000001,SELL,-200,0.57,0.58
2026-01-03T23:16:18.563458Z,price_change,0.5800000000000001,SELL,-2,0.57,0.58
2026-01-03T23:16:21.839663Z,price_change,0.5800000000000001,SELL,15,0.57,0.58
2026-01-03T23:16:23.000829Z,price_change,0.52,BUY,-500,0.57,0.58
2026-01-03T23:16:27.412576Z,price_change,0.5800000000000001,SELL,-200,0.57,0.58
2026-01-03T23:16:27.837485Z,price_change,0.5800000000000001,SELL,200,0.57,0.58
2026-01-03T23:16:29.299421Z,price_change,0.57,BUY,-10,0.57,0.58
2026-01-03T23:16:39.178179Z,price_change,0.57,BUY,-11,0.57,0.58
2026-01-03T23:16:45.055904Z,price_change,0.53,BUY,-5806,0.57,0.58
2026-01-03T23:16:45.056903Z,price_change,0.53,BUY,-76,0.57,0.58
2026-01-03T23:16:49.251743Z,price_change,0.52,BUY,500,0.57,0.58
2026-01-03T23:16:58.007878Z,price_change,0.5800000000000001,SELL,-200,0.57,0.58
2026-01-03T23:16:58.115211Z,price_change,0.5800000000000001,SELL,200,0.57,0.58
2026-01-03T23:17:05.810034Z,price_change,0.5800000000000001,SELL,-480,0.57,0.58
2026-01-03T23:17:05.96015Z,price_change,0.5800000000000001,SELL,786,0.57,0.58
2026-01-03T23:17:05.986258Z,price_change,0.5800000000000001,SELL,-84,0.57,0.58
2026-01-03T23:17:06.037637Z,price_change,0.5800000000000001,SELL,-68,0.57,0.58
2026-01-03T23:17:06.039049Z,price_change,0.5800000000000001,SELL,-309,0.57,0.58
2026-01-03T23:17:06.11932Z,price_change,0.53,BUY,6791,0.57,0.58
2026-01-03T23:17:12.806082Z,price_change,0.5800000000000001,SELL,-3,0.57,0.58
2026-01-03T23:17:19.170679Z,price_change,0.5800000000000001,SELL,-20,0.57,0.58
2026-01-03T23:17:19.419821Z,price_change,0.57,BUY,-11,0.57,0.58
2026-01-03T23:17:26.971224Z,price_change,0.5800000000000001,SELL,-10,0.57,0.58
2026-01-03T23:17:27.328641Z,price_change,0.5800000000000001,SELL,-33,0.57,0.58
2026-01-03T23:17:28.301579Z,price_change,0.5800000000000001,SELL,-200,0.57,0.58
2026-01-03T23:17:28.434736Z,price_change,0.5800000000000001,SELL,200,0.57,0.58
2026-01-03T23:17:32.5964Z,price_change,0.5800000000000001,SELL,-15,0.57,0.58
2026-01-03T23:17:35.000789Z,price_change,0.52,BUY,-500,0.57,0.58
2026-01-03T23:17:44.847235Z,price_change,0.5800000000000001,SELL,-100,0.57,0.58
2026-01-03T23:17:45.030498Z,price_change,0.5800000000000001,SELL,-98,0.57,0.58
2026-01-03T23:17:52.952372Z,price_change,0.5800000000000001,SELL,15,0.57,0.58
2026-01-03T23:17:56.763527Z,price_change,0.52,BUY,500,0.57,0.58
2026-01-03T23:17:58.7606Z,price_change,0.5800000000000001,SELL,-200,0.57,0.58
2026-01-03T23:17:59.103267Z,price_change,0.5800000000000001,SELL,200,0.57,0.58
2026-01-03T23:18:01.109762Z,price_change,0.57,BUY,-11,0.57,0.58
2026-01-03T23:18:03.16911Z,price_change,0.5800000000000001,SELL,-15,0.57,0.58
2026-01-03T23:18:16.315826Z,price_change,0.5800000000000001,SELL,191,0.57,0.58
2026-01-03T23:18:17.395208Z,price_change,0.5900000000000001,SELL,-10,0.57,0.58
2026-01-03T23:18:17.825034Z,price_change,0.5900000000000001,SELL,10,0.57,0.58
2026-01-03T23:18:18.657488Z,price_change,0.5800000000000001,SELL,-2,0.57,0.58
2026-01-03T23:18:23.580824Z,price_change,0.5800000000000001,SELL,15,0.57,0.58
2026-01-03T23:18:26.37889Z,price_change,0.5800000000000001,SELL,-416,0.57,0.58
2026-01-03T23:18:26.528015Z,price_change,0.5800000000000001,SELL,551,0.57,0.58
2026-01-03T23:18:26.55762Z,price_change,0.5800000000000001,SELL,-26,0.57,0.58
2026-01-03T23:18:26.600465Z,price_change,0.5800000000000001,SELL,-193,0.57,0.58
2026-01-03T23:18:26.601521Z,price_change,0.5800000000000001,SELL,-191,0.57,0.58
2026-01-03T23:18:29.36711Z,price_change,0.5800000000000001,SELL,-200,0.57,0.58
2026-01-03T23:18:29.649045Z,price_change,0.5800000000000001,SELL,200,0.57,0.58
2026-01-03T23:18:42.792876Z,price_change,0.57,BUY,-10,0.57,0.58
2026-01-03T23:18:42.806391Z,price_change,0.5800000000000001,SELL,-35,0.57,0.58
2026-01-03T23:18:46.194463Z,price_change,0.5800000000000001,SELL,-41,0.57,0.58
2026-01-03T23:18:46.442654Z,price_change,0.5800000000000001,SELL,-40,0.57,0.58
2026-01-03T23:18:48.105655Z,price_change,0.56,BUY,-356,0.57,0.58
2026-01-03T23:18:48.135438Z,price_change,0.55,BUY,-322,0.57,0.58
2026-01-03T23:18:48.139258Z,price_change,0.5900000000000001,SELL,-255,0.57,0.58
2026-01-03T23:18:48.142727Z,price_change,0.6,SELL,-421,0.57,0.58
2026-01-03T23:18:48.495205Z,price_change,0.55,BUY,-1751,0.57,0.58
2026-01-03T23:18:48.639433Z,price_change,0.54,BUY,-2116,0.57,0.58
2026-01-03T23:18:48.658308Z,price_change,0.5800000000000001,SELL,-1969,0.57,0.58
2026-01-03T23:18:48.686686Z,price_change,0.5900000000000001,SELL,-1359,0.57,0.58
2026-01-03T23:18:48.881426Z,price_change,0.57,BUY,-8,0.57,0.58
2026-01-03T23:18:50.366335Z,price_change,0.55,BUY,1742,0.57,0.58
2026-01-03T23:18:50.379327Z,price_change,0.5800000000000001,SELL,1889,0.57,0.58
2026-01-03T23:18:50.380203Z,price_change,0.54,BUY,2137,0.57,0.58
2026-01-03T23:18:50.443225Z,price_change,0.5900000000000001,SELL,1249,0.57,0.58
2026-01-03T23:18:50.688782Z,price_change,0.55,BUY,340,0.57,0.58
2026-01-03T23:18:50.714776Z,price_change,0.5900000000000001,SELL,265,0.57,0.58
2026-01-03T23:18:50.720897Z,price_change,0.6,SELL,391,0.57,0.58
2026-01-03T23:18:50.781681Z,price_change,0.5800000000000001,SELL,-2403,0.57,0.58
2026-01-03T23:18:50.831303Z,price_change,0.56,BUY,337,0.57,0.58
2026-01-03T23:18:50.987427Z,price_change,0.5800000000000001,SELL,2400,0.57,0.58
2026-01-03T23:18:51.04799Z,price_change,0.5800000000000001,SELL,90,0.57,0.58
2026-01-03T23:18:51.227546Z,price_change,0.55,BUY,-5000,0.57,0.58
2026-01-03T23:18:51.227546Z,price_change,0.54,BUY,5000,0.57,0.58
2026-01-03T23:18:51.395031Z,price_change,0.5900000000000001,SELL,-5000,0.57,0.58
2026-01-03T23:18:51.395031Z,price_change,0.5800000000000001,SELL,5000,0.57,0.58
2026-01-03T23:18:59.062333Z,price_change,0.53,BUY,-6772,0.57,0.58
2026-01-03T23:18:59.805636Z,price_change,0.5800000000000001,SELL,-200,0.57,0.58
2026-01-03T23:18:59.922957Z,price_change,0.5800000000000001,SELL,200,0.57,0.58
2026-01-03T23:19:09.220897Z,price_change,0.5800000000000001,SELL,592,0.57,0.58
2026-01-03T23:19:22.099954Z,price_change,0.5800000000000001,SELL,-5,0.57,0.58
2026-01-03T23:19:29.020573Z,price_change,0.55,BUY,5,0.57,0.58
2026-01-03T23:19:30.105024Z,price_change,0.5800000000000001,SELL,-200,0.57,0.58
2026-01-03T23:19:30.203592Z,price_change,0.5800000000000001,SELL,200,0.57,0.58
2026-01-03T23:19:34.385529Z,price_change,0.5800000000000001,SELL,-15,0.57,0.58
2026-01-03T23:19:35.388884Z,price_change,0.5800000000000001,SELL,54,0.57,0.58
2026-01-03T23:19:38.361018Z,price_change,0.5800000000000001,SELL,294,0.57,0.58
2026-01-03T23:19:39.646383Z,price_change,0.5800000000000001,SELL,49,0.57,0.58
2026-01-03T23:19:42.965314Z,price_change,0.5800000000000001,SELL,-8,0.57,0.58
2026-01-03T23:19:44.716102Z,price_change,0.5800000000000001,SELL,15,0.57,0.58
2026-01-03T23:19:45.418608Z,price_change,0.5800000000000001,SELL,-1,0.57,0.58
2026-01-03T23:19:59.243116Z,price_change,0.5800000000000001,SELL,286,0.57,0.58
2026-01-03T23:20:00.129818Z,price_change,0.5800000000000001,SELL,-163,0.57,0.58
2026-01-03T23:20:00.306078Z,price_change,0.5800000000000001,SELL,-200,0.57,0.58
2026-01-03T23:20:00.408344Z,price_change,0.5800000000000001,SELL,200,0.57,0.58
2026-01-03T23:20:00.540271Z,price_change,0.5800000000000001,SELL,-160,0.57,0.58
2026-01-03T23:20:03.295066Z,price_change,0.5800000000000001,SELL,-39,0.57,0.58
2026-01-03T23:20:04.103844Z,price_change,0.53,BUY,6823,0.57,0.58
2026-01-03T23:20:04.275067Z,price_change,0.5800000000000001,SELL,-38,0.57,0.58
2026-01-03T23:20:07.000939Z,price_change,0.5800000000000001,SELL,-5,0.57,0.58
2026-01-03T23:20:22.531043Z,price_change,0.5800000000000001,SELL,485,0.57,0.58
2026-01-03T23:20:22.890148Z,price_change,0.54,BUY,2230,0.57,0.58
2026-01-03T23:20:24.275739Z,price_change,0.5800000000000001,SELL,-100,0.57,0.58
2026-01-03T23:20:24.491626Z,price_change,0.5800000000000001,SELL,-98,0.57,0.58
2026-01-03T23:20:24.545735Z,price_change,0.5800000000000001,SELL,-68,0.57,0.58
2026-01-03T23:20:24.595195Z,price_change,0.5800000000000001,SELL,-49,0.57,0.58
2026-01-03T23:20:24.596724Z,price_change,0.5800000000000001,SELL,-387,0.57,0.58
2026-01-03T23:20:24.597923Z,price_change,0.5800000000000001,SELL,-88,0.57,0.58
2026-01-03T23:20:27.581946Z,price_change,0.5800000000000001,SELL,-66,0.57,0.58
2026-01-03T23:20:27.671723Z,price_change,0.5800000000000001,SELL,428,0.57,0.58
2026-01-03T23:20:28.647825Z,price_change,0.5800000000000001,SELL,49,0.57,0.58
2026-01-03T23:20:28.889953Z,price_change,0.54,BUY,-701,0.57,0.58
2026-01-03T23:20:28.993981Z,price_change,0.5800000000000001,SELL,-49,0.57,0.58
2026-01-03T23:20:29.228183Z,price_change,0.5900000000000001,SELL,-701,0.57,0.58
2026-01-03T23:20:29.917989Z,price_change,0.5800000000000001,SELL,-100,0.57,0.58
2026-01-03T23:20:30.191806Z,price_change,0.5800000000000001,SELL,-114,0.57,0.58
2026-01-03T23:20:30.484598Z,price_change,0.5800000000000001,SELL,98,0.57,0.58
2026-01-03T23:20:30.505844Z,price_change,0.5800000000000001,SELL,-200,0.57,0.58
2026-01-03T23:20:30.606912Z,price_change,0.5800000000000001,SELL,200,0.57,0.58
2026-01-03T23:20:31.070497Z,price_change,0.51,BUY,-225,0.57,0.58
2026-01-03T23:20:31.10089Z,price_change,0.5,BUY,229,0.57,0.58
2026-01-03T23:20:31.249077Z,price_change,0.5900000000000001,SELL,705,0.57,0.58
2026-01-03T23:20:31.287203Z,price_change,0.5800000000000001,SELL,224,0.57,0.58
2026-01-03T23:20:31.328731Z,price_change,0.54,BUY,705,0.57,0.58
2026-01-03T23:20:31.793357Z,price_change,0.5800000000000001,SELL,98,0.57,0.58
2026-01-03T23:20:31.820961Z,price_change,0.55,BUY,-75000,0.57,0.58
2026-01-03T23:20:31.822146Z,price_change,0.5800000000000001,SELL,-296597,0.57,0.58
2026-01-03T23:20:31.971625Z,price_change,0.55,BUY,75000,0.57,0.58
2026-01-03T23:20:31.974585Z,price_change,0.5800000000000001,SELL,296597,0.57,0.58
2026-01-03T23:20:32.506746Z,price_change,0.5800000000000001,SELL,-2400,0.57,0.58
2026-01-03T23:20:32.876447Z,price_change,0.5800000000000001,SELL,2382,0.57,0.58
2026-01-03T23:20:33.365115Z,price_change,0.54,BUY,-2230,0.57,0.58
2026-01-03T23:20:33.366026Z,price_change,0.54,BUY,-1202,0.57,0.58
2026-01-03T23:20:33.367003Z,price_change,0.54,BUY,-551,0.57,0.58
2026-01-03T23:20:33.384714Z,price_change,0.54,BUY,-7281,0.57,0.58
2026-01-03T23:20:33.385943Z,price_change,0.54,BUY,-447,0.57,0.58
2026-01-03T23:20:34.176969Z,price_change,0.53,BUY,-6823,0.57,0.58
2026-01-03T23:20:34.178082Z,price_change,0.53,BUY,-19,0.57,0.58
2026-01-03T23:20:34.179099Z,price_change,0.53,BUY,-910,0.57,0.58
2026-01-03T23:20:34.180514Z,price_change,0.53,BUY,-1343,0.57,0.58
2026-01-03T23:20:34.206631Z,price_change,0.55,BUY,-100,0.57,0.58
2026-01-03T23:20:34.249181Z,price_change,0.54,BUY,100,0.57,0.58
2026-01-03T23:20:35.775504Z,price_change,0.5900000000000001,SELL,-705,0.57,0.58
2026-01-03T23:20:38.310593Z,price_change,0.57,BUY,-10,0.57,0.58
2026-01-03T23:20:39.332627Z,price_change,0.5900000000000001,SELL,698,0.57,0.58
2026-01-03T23:20:41.547623Z,price_change,0.57,BUY,-160,0.57,0.58
2026-01-03T23:20:41.602438Z,price_change,0.57,BUY,-331,0.57,0.58
2026-01-03T23:20:41.658528Z,price_change,0.57,BUY,231,0.57,0.58
2026-01-03T23:20:45.880659Z,price_change,0.54,BUY,1578,0.57,0.58
2026-01-03T23:20:55.374035Z,price_change,0.5800000000000001,SELL,-15,0.57,0.58
2026-01-03T23:20:56.000229Z,price_change,0.52,BUY,-500,0.57,0.58
2026-01-03T23:20:58.410699Z,price_change,0.57,BUY,-223,0.57,0.58
2026-01-03T23:21:00.859358Z,price_change,0.5800000000000001,SELL,-200,0.57,0.58
2026-01-03T23:21:01.272782Z,price_change,0.5800000000000001,SELL,200,0.57,0.58
2026-01-03T23:21:05.577978Z,price_change,0.5800000000000001,SELL,15,0.57,0.58
2026-01-03T23:21:07.774632Z,price_change,0.5800000000000001,SELL,197,0.57,0.58
2026-01-03T23:21:09.82746Z,price_change,0.5800000000000001,SELL,-67,0.57,0.58
2026-01-03T23:21:10.002784Z,price_change,0.5800000000000001,SELL,-66,0.57,0.58
2026-01-03T23:21:12.113912Z,price_change,0.5800000000000001,SELL,-11,0.57,0.58
2026-01-03T23:21:12.115333Z,price_change,0.5800000000000001,SELL,-21,0.57,0.58
2026-01-03T23:21:12.116684Z,price_change,0.5800000000000001,SELL,-967,0.57,0.58
2026-01-03T23:21:12.203775Z,price_change,0.57,BUY,726,0.57,0.58
2026-01-03T23:21:12.205267Z,price_change,0.5800000000000001,SELL,273,0.57,0.58
2026-01-03T23:21:12.626666Z,price_change,0.54,BUY,-1578,0.57,0.58
2026-01-03T23:21:12.627606Z,price_change,0.54,BUY,-489,0.57,0.58
2026-01-03T23:21:17.788266Z,price_change,0.52,BUY,500,0.57,0.58
2026-01-03T23:21:25.75604Z,price_change,0.5800000000000001,SELL,-15,0.57,0.58
2026-01-03T23:21:31.563005Z,price_change,0.5800000000000001,SELL,-200,0.57,0.58
2026-01-03T23:21:31.66269Z,price_change,0.5800000000000001,SELL,200,0.57,0.58
2026-01-03T23:21:33.106437Z,price_change,0.5800000000000001,SELL,211,0.57,0.58
2026-01-03T23:21:33.493396Z,price_change,0.5800000000000001,SELL,-8,0.57,0.58
2026-01-03T23:21:36.123534Z,price_change,0.5800000000000001,SELL,15,0.57,0.58
2026-01-03T23:21:38.744746Z,price_change,0.5800000000000001,SELL,-16,0.57,0.58
2026-01-03T23:21:43.217093Z,price_change,0.48,BUY,-25,0.57,0.58
2026-01-03T23:21:44.14924Z,price_change,0.5800000000000001,SELL,-10,0.57,0.58
2026-01-03T23:21:44.340253Z,price_change,0.5800000000000001,SELL,-33,0.57,0.58
2026-01-03T23:21:47.609458Z,price_change,0.5800000000000001,SELL,-70,0.57,0.58
2026-01-03T23:21:47.652472Z,price_change,0.5800000000000001,SELL,-224,0.57,0.58
2026-01-03T23:21:47.653905Z,price_change,0.5800000000000001,SELL,-131,0.57,0.58
2026-01-03T23:21:47.655154Z,price_change,0.5800000000000001,SELL,-178,0.57,0.58
2026-01-03T23:21:47.656676Z,price_change,0.5800000000000001,SELL,-98,0.57,0.58
2026-01-03T23:21:49.000868Z,price_change,0.52,BUY,-500,0.57,0.58
2026-01-03T23:22:00.731131Z,price_change,0.5800000000000001,SELL,-20,0.57,0.58
2026-01-03T23:22:01.957643Z,price_change,0.5800000000000001,SELL,-200,0.57,0.58
2026-01-03T23:22:02.289991Z,price_change,0.5800000000000001,SELL,200,0.57,0.58
2026-01-03T23:22:02.588911Z,price_change,0.98,SELL,8000,0.57,0.58
2026-01-03T23:22:05.806476Z,price_change,0.5800000000000001,SELL,-42,0.57,0.58
2026-01-03T23:22:08.268839Z,price_change,0.6,SELL,-29074,0.57,0.58
2026-01-03T23:22:08.268839Z,price_change,0.5800000000000001,SELL,29074,0.57,0.58
2026-01-03T23:22:10.337204Z,price_change,0.5800000000000001,SELL,-30,0.57,0.58
2026-01-03T23:22:10.896104Z,price_change,0.5900000000000001,SELL,-698,0.57,0.58
2026-01-03T23:22:11.319312Z,price_change,0.5900000000000001,SELL,698,0.57,0.58
2026-01-03T23:22:12.38103Z,price_change,0.5800000000000001,SELL,-583,0.57,0.58
2026-01-03T23:22:12.400898Z,price_change,0.56,BUY,-1000,0.57,0.58
2026-01-03T23:22:12.402273Z,price_change,0.57,BUY,-726,0.57,0.58
2026-01-03T23:22:12.403566Z,price_change,0.5900000000000001,SELL,-1000,0.57,0.58
2026-01-03T23:22:12.503939Z,price_change,0.56,BUY,632,0.57,0.58
2026-01-03T23:22:12.50494Z,price_change,0.55,BUY,1000,0.57,0.58
2026-01-03T23:22:12.506424Z,price_change,0.5800000000000001,SELL,727,0.57,0.58
2026-01-03T23:22:12.507592Z,price_change,0.57,BUY,-367,0.57,0.58
2026-01-03T23:22:12.508663Z,price_change,0.5800000000000001,SELL,-273,0.57,0.58
2026-01-03T23:22:12.508663Z,price_change,0.56,BUY,-632,0.57,0.58
2026-01-03T23:22:12.508663Z,price_change,0.55,BUY,-1000,0.57,0.58
2026-01-03T23:22:12.508663Z,price_change,0.5800000000000001,SELL,-727,0.57,0.58
2026-01-03T23:22:12.514588Z,price_change,0.5800000000000001,SELL,804,0.57,0.58
2026-01-03T23:22:12.554325Z,price_change,0.5800000000000001,SELL,-547,0.57,0.58
2026-01-03T23:22:12.609295Z,price_change,0.5800000000000001,SELL,-24,0.57,0.58
2026-01-03T23:22:12.627274Z,price_change,0.57,BUY,-8,0.57,0.58
2026-01-03T23:22:12.651986Z,price_change,0.57,BUY,-200,0.57,0.58
2026-01-03T23:22:12.674213Z,price_change,0.56,BUY,200,0.57,0.58
2026-01-03T23:22:12.710828Z,price_change,0.6,SELL,-200,0.57,0.58
2026-01-03T23:22:12.727859Z,price_change,0.57,BUY,-590,0.57,0.58
2026-01-03T23:22:12.74166Z,price_change,0.5900000000000001,SELL,200,0.57,0.58
2026-01-03T23:22:12.930765Z,price_change,0.57,BUY,231,0.57,0.58
2026-01-03T23:22:14.567177Z,price_change,0.52,BUY,500,0.57,0.58
2026-01-03T23:22:16.665524Z,price_change,0.5800000000000001,SELL,-15,0.57,0.58
2026-01-03T23:22:18.067664Z,price_change,0.5800000000000001,SELL,-8,0.57,0.58
2026-01-03T23:22:23.041698Z,price_change,0.57,BUY,-6,0.57,0.58
2026-01-03T23:22:26.879346Z,price_change,0.5800000000000001,SELL,15,0.57,0.58
2026-01-03T23:22:32.568144Z,price_change,0.5800000000000001,SELL,-200,0.57,0.58
2026-01-03T23:22:32.667954Z,price_change,0.5800000000000001,SELL,200,0.57,0.58
2026-01-03T23:22:44.767875Z,price_change,0.56,BUY,1000,0.57,0.58
2026-01-03T23:22:44.76993Z,price_change,0.57,BUY,366,0.57,0.58
2026-01-03T23:22:44.771536Z,price_change,0.5800000000000001,SELL,633,0.57,0.58
2026-01-03T23:22:44.772989Z,price_change,0.5900000000000001,SELL,1000,0.57,0.58
2026-01-03T23:22:47.042508Z,price_change,0.5800000000000001,SELL,-15,0.57,0.58
2026-01-03T23:22:47.167357Z,price_change,0.5800000000000001,SELL,-38,0.57,0.58
2026-01-03T23:22:47.400444Z,price_change,0.5800000000000001,SELL,-45,0.57,0.58
2026-01-03T23:22:51.833128Z,price_change,0.5800000000000001,SELL,35,0.57,0.58
2026-01-03T23:22:54.105849Z,price_change,0.5800000000000001,SELL,490,0.57,0.58
2026-01-03T23:22:59.881961Z,price_change,0.5800000000000001,SELL,-25,0.57,0.58
2026-01-03T23:23:00.080513Z,price_change,0.5800000000000001,SELL,-25,0.57,0.58
2026-01-03T23:23:02.959672Z,price_change,0.5800000000000001,SELL,-200,0.57,0.58
2026-01-03T23:23:03.058499Z,price_change,0.5800000000000001,SELL,200,0.57,0.58
2026-01-03T23:23:06.329822Z,price_change,0.35,BUY,-50,0.57,0.58
2026-01-03T23:23:06.430232Z,price_change,0.54,BUY,1293,0.57,0.58
2026-01-03T23:23:07.368Z,price_change,0.5800000000000001,SELL,15,0.57,0.58
2026-01-03T23:23:08.149785Z,price_change,0.57,BUY,-11,0.57,0.58
2026-01-03T23:23:09.249986Z,price_change,0.5800000000000001,SELL,-8,0.57,0.58
2026-01-03T23:23:17.561068Z,price_change,0.5800000000000001,SELL,-15,0.57,0.58
2026-01-03T23:23:18.711696Z,price_change,0.5900000000000001,SELL,-10,0.57,0.58
2026-01-03T23:23:19.110021Z,price_change,0.5900000000000001,SELL,10,0.57,0.58
2026-01-03T23:23:20.681406Z,price_change,0.5800000000000001,SELL,-10,0.57,0.58
2026-01-03T23:23:27.975075Z,price_change,0.5800000000000001,SELL,-333,0.57,0.58
2026-01-03T23:23:28.119126Z,price_change,0.5800000000000001,SELL,422,0.57,0.58
2026-01-03T23:23:28.177953Z,price_change,0.5800000000000001,SELL,-465,0.57,0.58
2026-01-03T23:23:28.178739Z,price_change,0.5800000000000001,SELL,-35,0.57,0.58
2026-01-03T23:23:28.275492Z,price_change,0.5800000000000001,SELL,-40,0.57,0.58
2026-01-03T23:23:29.666366Z,price_change,0.5800000000000001,SELL,-1147,0.57,0.58
2026-01-03T23:23:29.738141Z,price_change,0.98,SELL,-8000,0.57,0.58
2026-01-03T23:23:29.759342Z,price_change,0.5800000000000001,SELL,-85,0.57,0.58
2026-01-03T23:23:29.805845Z,price_change,0.5800000000000001,SELL,-99,0.57,0.58
2026-01-03T23:23:29.809692Z,price_change,0.5800000000000001,SELL,-1,0.57,0.58
2026-01-03T23:23:29.811319Z,price_change,0.5800000000000001,SELL,-2705,0.57,0.58
2026-01-03T23:23:29.813064Z,price_change,0.5800000000000001,SELL,-46,0.57,0.58
2026-01-03T23:23:29.814631Z,price_change,0.5800000000000001,SELL,-2,0.57,0.58
2026-01-03T23:23:29.816256Z,price_change,0.5800000000000001,SELL,-3,0.57,0.58
2026-01-03T23:23:30.824898Z,price_change,0.57,BUY,-22,0.57,0.58
2026-01-03T23:23:33.20588Z,price_change,0.5800000000000001,SELL,-200,0.57,0.58
2026-01-03T23:23:33.301996Z,price_change,0.5800000000000001,SELL,200,0.57,0.58
2026-01-03T23:23:33.819266Z,price_change,0.5800000000000001,SELL,-228,0.57,0.58
2026-01-03T23:23:33.820827Z,price_change,0.5800000000000001,SELL,-46,0.57,0.58
2026-01-03T23:23:33.919845Z,price_change,0.5800000000000001,SELL,-427,0.57,0.58
2026-01-03T23:23:33.928578Z,price_change,0.5900000000000001,SELL,6350,0.57,0.58
2026-01-03T23:23:35.841732Z,price_change,0.5800000000000001,SELL,-32,0.57,0.58
2026-01-03T23:23:36.032159Z,price_change,0.5800000000000001,SELL,-31,0.57,0.58
2026-01-03T23:23:37.92631Z,price_change,0.5800000000000001,SELL,15,0.57,0.58
2026-01-03T23:23:39.892996Z,price_change,0.5800000000000001,SELL,-257,0.57,0.58
2026-01-03T23:23:40.052257Z,price_change,0.5900000000000001,SELL,-6350,0.57,0.58
2026-01-03T23:23:40.154643Z,price_change,0.5900000000000001,SELL,6050,0.57,0.58
2026-01-03T23:23:42.887725Z,price_change,0.5800000000000001,SELL,-33,0.57,0.58
2026-01-03T23:23:43.097762Z,price_change,0.5800000000000001,SELL,-32,0.57,0.58
2026-01-03T23:23:50.975459Z,price_change,0.5800000000000001,SELL,-8,0.57,0.58
2026-01-03T23:24:00.559533Z,price_change,0.57,BUY,-22,0.57,0.58
2026-01-03T23:24:03.403364Z,price_change,0.5800000000000001,SELL,-200,0.57,0.58
2026-01-03T23:24:03.526391Z,price_change,0.5800000000000001,SELL,200,0.57,0.58
2026-01-03T23:24:08.179751Z,price_change,0.4,BUY,150,0.57,0.58
2026-01-03T23:24:11.284661Z,price_change,0.57,BUY,-170,0.57,0.58
2026-01-03T23:24:11.340501Z,price_change,0.57,BUY,-11539,0.57,0.58
2026-01-03T23:24:11.399514Z,price_change,0.57,BUY,598,0.57,0.58
2026-01-03T23:24:12.293846Z,price_change,0.5800000000000001,SELL,-38,0.57,0.58
2026-01-03T23:24:12.486126Z,price_change,0.5800000000000001,SELL,-45,0.57,0.58
2026-01-03T23:24:12.633633Z,price_change,0.5900000000000001,SELL,-6050,0.57,0.58
2026-01-03T23:24:14.427188Z,price_change,0.5800000000000001,SELL,-16,0.57,0.58
2026-01-03T23:24:14.75658Z,price_change,0.5900000000000001,SELL,5950,0.57,0.58
2026-01-03T23:24:17.00025Z,price_change,0.52,BUY,-500,0.57,0.58
2026-01-03T23:24:18.489874Z,price_change,0.5800000000000001,SELL,-15,0.57,0.58
2026-01-03T23:24:21.677252Z,price_change,0.38,BUY,1,0.57,0.58
2026-01-03T23:24:23.034216Z,price_change,0.5800000000000001,SELL,-8,0.57,0.58
2026-01-03T23:24:23.227624Z,price_change,0.57,BUY,-222,0.57,0.58
2026-01-03T23:24:27.100383Z,price_change,0.5800000000000001,SELL,-49,0.57,0.58
2026-01-03T23:24:27.244378Z,price_change,0.5900000000000001,SELL,-5950,0.57,0.58
2026-01-03T23:24:27.291011Z,price_change,0.5800000000000001,SELL,-72,0.57,0.58
2026-01-03T23:24:27.344666Z,price_change,0.5900000000000001,SELL,5900,0.57,0.58
2026-01-03T23:24:27.463828Z,price_change,0.53,BUY,6585,0.57,0.58
2026-01-03T23:24:28.71935Z,price_change,0.5800000000000001,SELL,15,0.57,0.58
2026-01-03T23:24:31.052761Z,price_change,0.57,BUY,-19,0.57,0.58
2026-01-03T23:24:33.268258Z,price_change,0.52,BUY,500,0.57,0.58
2026-01-03T23:24:33.855662Z,price_change,0.5800000000000001,SELL,-200,0.57,0.58
2026-01-03T23:24:33.980281Z,price_change,0.5800000000000001,SELL,200,0.57,0.58
2026-01-03T23:24:34.275156Z,price_change,0.52,BUY,8000,0.57,0.58
2026-01-03T23:24:35.559512Z,price_change,0.57,BUY,-55,0.57,0.58
2026-01-03T23:24:36.729198Z,price_change,0.5800000000000001,SELL,-5,0.57,0.58
2026-01-03T23:24:44.293726Z,price_change,0.5800000000000001,SELL,-500,0.57,0.58
2026-01-03T23:24:44.449974Z,price_change,0.5800000000000001,SELL,689,0.57,0.58
2026-01-03T23:24:44.460107Z,price_change,0.5900000000000001,SELL,-5900,0.57,0.58
2026-01-03T23:24:44.62515Z,price_change,0.5800000000000001,SELL,-482,0.57,0.58
2026-01-03T23:24:44.722513Z,price_change,0.5800000000000001,SELL,-13,0.57,0.58
2026-01-03T23:24:50.654596Z,price_change,0.5800000000000001,SELL,-15,0.57,0.58
2026-01-03T23:24:57.780681Z,price_change,0.5800000000000001,SELL,-10,0.57,0.58
2026-01-03T23:24:58.118427Z,price_change,0.5900000000000001,SELL,5400,0.57,0.58
2026-01-03T23:25:00.979325Z,price_change,0.5800000000000001,SELL,15,0.57,0.58
2026-01-03T23:25:03.853673Z,price_change,0.5900000000000001,SELL,-5400,0.57,0.58
2026-01-03T23:25:03.882839Z,price_change,0.5800000000000001,SELL,-32,0.57,0.58
2026-01-03T23:25:03.921985Z,price_change,0.5800000000000001,SELL,-32,0.57,0.58
2026-01-03T23:25:03.963027Z,price_change,0.5900000000000001,SELL,5350,0.57,0.58
2026-01-03T23:25:04.258499Z,price_change,0.5800000000000001,SELL,-200,0.57,0.58
2026-01-03T23:25:04.600971Z,price_change,0.5800000000000001,SELL,200,0.57,0.58
2026-01-03T23:25:08.21399Z,price_change,0.54,BUY,5109,0.57,0.58
2026-01-03T23:25:11.87243Z,price_change,0.5800000000000001,SELL,-96,0.57,0.58
2026-01-03T23:25:12.11625Z,price_change,0.5800000000000001,SELL,-94,0.57,0.58
2026-01-03T23:25:12.201394Z,price_change,0.5900000000000001,SELL,-5350,0.57,0.58
2026-01-03T23:25:12.490033Z,price_change,0.5900000000000001,SELL,5250,0.57,0.58
2026-01-03T23:25:17.361305Z,price_change,0.5800000000000001,SELL,-33,0.57,0.58
2026-01-03T23:25:17.514489Z,price_change,0.5900000000000001,SELL,-5250,0.57,0.58
2026-01-03T23:25:17.681967Z,price_change,0.5800000000000001,SELL,-32,0.57,0.58
2026-01-03T23:25:21.003271Z,price_change,0.38,BUY,-1,0.57,0.58
2026-01-03T23:25:24.848392Z,price_change,0.57,BUY,-130,0.57,0.58
2026-01-03T23:25:34.859242Z,price_change,0.5800000000000001,SELL,-200,0.57,0.58
2026-01-03T23:25:35.175864Z,price_change,0.5800000000000001,SELL,200,0.57,0.58
2026-01-03T23:25:36.613235Z,price_change,0.57,BUY,-2,0.57,0.58
2026-01-03T23:25:36.804994Z,price_change,0.57,BUY,-2,0.57,0.58
2026-01-03T23:25:36.90775Z,price_change,0.5900000000000001,SELL,5200,0.57,0.58
2026-01-03T23:25:38.066783Z,price_change,0.5900000000000001,SELL,-698,0.57,0.58
2026-01-03T23:25:38.944189Z,price_change,0.5900000000000001,SELL,698,0.57,0.58
2026-01-03T23:25:40.197089Z,price_change,0.5800000000000001,SELL,-200,0.57,0.58
2026-01-03T23:25:40.304618Z,price_change,0.5800000000000001,SELL,200,0.57,0.58
2026-01-03T23:25:41.57122Z,price_change,0.5800000000000001,SELL,-15,0.57,0.58
2026-01-03T23:25:51.833145Z,price_change,0.5800000000000001,SELL,15,0.57,0.58
2026-01-03T23:25:56.643291Z,price_change,0.5800000000000001,SELL,257,0.57,0.58
2026-01-03T23:25:59.288322Z,price_change,0.57,BUY,-9,0.57,0.58
2026-01-03T23:26:08.61851Z,price_change,0.57,BUY,-100,0.57,0.58
2026-01-03T23:26:10.561613Z,price_change,0.5800000000000001,SELL,-200,0.57,0.58
2026-01-03T23:26:10.661083Z,price_change,0.5800000000000001,SELL,200,0.57,0.58
2026-01-03T23:26:12.02682Z,price_change,0.5800000000000001,SELL,-15,0.57,0.58
2026-01-03T23:26:18.071969Z,price_change,0.53,BUY,-6585,0.57,0.58
2026-01-03T23:26:18.073059Z,price_change,0.53,BUY,-215,0.57,0.58
2026-01-03T23:26:21.162451Z,price_change,0.5800000000000001,SELL,-20,0.57,0.58
2026-01-03T23:26:21.468341Z,price_change,0.5800000000000001,SELL,-31,0.57,0.58
2026-01-03T23:26:21.497248Z,price_change,0.5900000000000001,SELL,-5200,0.57,0.58
2026-01-03T23:26:21.786238Z,price_change,0.5900000000000001,SELL,5150,0.57,0.58
2026-01-03T23:26:22.337128Z,price_change,0.5800000000000001,SELL,-226,0.57,0.58
2026-01-03T23:26:22.42624Z,price_change,0.5800000000000001,SELL,18,0.57,0.58
2026-01-03T23:26:23.000031Z,price_change,0.5800000000000001,SELL,-103,0.57,0.58
2026-01-03T23:26:33.225047Z,price_change,0.5800000000000001,SELL,-56,0.57,0.58
2026-01-03T23:26:33.366323Z,price_change,0.5900000000000001,SELL,-5150,0.57,0.58
2026-01-03T23:26:33.428949Z,price_change,0.5800000000000001,SELL,-55,0.57,0.58
2026-01-03T23:26:40.80327Z,price_change,0.5800000000000001,SELL,-200,0.57,0.58
2026-01-03T23:26:41.336055Z,price_change,0.5800000000000001,SELL,200,0.57,0.58
2026-01-03T23:26:46.261041Z,price_change,0.5800000000000001,SELL,-1,0.57,0.58
2026-01-03T23:26:46.852157Z,price_change,0.5800000000000001,SELL,-175,0.57,0.58
2026-01-03T23:26:47.002015Z,price_change,0.5900000000000001,SELL,4950,0.57,0.58
2026-01-03T23:26:47.342912Z,price_change,0.5800000000000001,SELL,-172,0.57,0.58
2026-01-03T23:26:47.462316Z,price_change,0.53,BUY,6800,0.57,0.58
2026-01-03T23:26:49.791619Z,price_change,0.5800000000000001,SELL,-1,0.57,0.58
2026-01-03T23:27:02.90251Z,price_change,0.5800000000000001,SELL,-18,0.57,0.58
2026-01-03T23:27:11.658939Z,price_change,0.5800000000000001,SELL,-200,0.57,0.58
2026-01-03T23:27:11.917207Z,price_change,0.5800000000000001,SELL,200,0.57,0.58
2026-01-03T23:27:12.399083Z,price_change,0.57,BUY,-15,0.57,0.58
2026-01-03T23:27:13.111629Z,price_change,0.5800000000000001,SELL,18,0.57,0.58
2026-01-03T23:27:14.000009Z,price_change,0.52,BUY,-500,0.57,0.58
2026-01-03T23:27:32.001042Z,price_change,0.52,BUY,-500,0.57,0.58
2026-01-03T23:27:33.00001Z,price_change,0.52,BUY,-8000,0.57,0.58
2026-01-03T23:27:33.258835Z,price_change,0.5800000000000001,SELL,-18,0.57,0.58
2026-01-03T23:27:36.072447Z,price_change,0.5800000000000001,SELL,-4,0.57,0.58
2026-01-03T23:27:36.230235Z,price_change,0.53,BUY,-4165,0.57,0.58
2026-01-03T23:27:36.344584Z,price_change,0.5800000000000001,SELL,-2,0.57,0.58
2026-01-03T23:27:36.544409Z,price_change,0.5800000000000001,SELL,27,0.57,0.58
2026-01-03T23:27:39.503937Z,price_change,0.52,BUY,500,0.57,0.58
2026-01-03T23:27:42.108133Z,price_change,0.5800000000000001,SELL,-200,0.57,0.58
2026-01-03T23:27:42.209568Z,price_change,0.5800000000000001,SELL,200,0.57,0.58
2026-01-03T23:27:43.537223Z,price_change,0.5800000000000001,SELL,18,0.57,0.58
2026-01-03T23:27:45.581766Z,price_change,0.5800000000000001,SELL,-36,0.57,0.58
2026-01-03T23:27:45.714088Z,price_change,0.5800000000000001,SELL,432,0.57,0.58
2026-01-03T23:27:45.814354Z,price_change,0.5800000000000001,SELL,-27,0.57,0.58
2026-01-03T23:27:45.908522Z,price_change,0.5900000000000001,SELL,-4950,0.57,0.58
2026-01-03T23:27:46.191709Z,price_change,0.5900000000000001,SELL,4900,0.57,0.58
2026-01-03T23:27:52.124396Z,price_change,0.52,BUY,500,0.57,0.58
2026-01-03T23:28:03.787723Z,price_change,0.5800000000000001,SELL,-18,0.57,0.58
2026-01-03T23:28:12.305553Z,price_change,0.5800000000000001,SELL,-200,0.57,0.58
2026-01-03T23:28:12.40556Z,price_change,0.5800000000000001,SELL,200,0.57,0.58
2026-01-03T23:28:13.799135Z,price_change,0.5800000000000001,SELL,-49,0.57,0.58
2026-01-03T23:28:14.585461Z,price_change,0.5800000000000001,SELL,-2382,0.57,0.58
2026-01-03T23:28:14.856428Z,price_change,0.5800000000000001,SELL,2400,0.57,0.58
2026-01-03T23:28:24.116992Z,price_change,0.5800000000000001,SELL,18,0.57,0.58
2026-01-03T23:28:25.238115Z,price_change,0.5900000000000001,SELL,-10,0.57,0.58
2026-01-03T23:28:25.673333Z,price_change,0.5900000000000001,SELL,10,0.57,0.58
2026-01-03T23:28:26.280618Z,price_change,0.5800000000000001,SELL,-10,0.57,0.58
2026-01-03T23:28:32.678479Z,price_change,0.5800000000000001,SELL,-25,0.57,0.58
2026-01-03T23:28:33.011887Z,price_change,0.5900000000000001,SELL,-4900,0.57,0.58
2026-01-03T23:28:33.013469Z,price_change,0.5800000000000001,SELL,-42,0.57,0.58
2026-01-03T23:28:34.311186Z,price_change,0.5800000000000001,SELL,-18,0.57,0.58
2026-01-03T23:28:34.437895Z,price_change,0.5900000000000001,SELL,4850,0.57,0.58
2026-01-03T23:28:36.053341Z,price_change,0.53,BUY,-2635,0.57,0.58
2026-01-03T23:28:36.055055Z,price_change,0.53,BUY,-1590,0.57,0.58
2026-01-03T23:28:36.055932Z,price_change,0.53,BUY,-280,0.57,0.58
2026-01-03T23:28:36.056849Z,price_change,0.53,BUY,-2301,0.57,0.58
2026-01-03T23:28:36.057809Z,price_change,0.53,BUY,-844,0.57,0.58
2026-01-03T23:28:39.005655Z,price_change,0.54,BUY,-30,0.57,0.58
2026-01-03T23:28:39.005655Z,price_change,0.61,SELL,-30,0.57,0.58
2026-01-03T23:28:39.005655Z,price_change,0.54,BUY,-30,0.57,0.58
2026-01-03T23:28:39.005655Z,price_change,0.61,SELL,-30,0.57,0.58
2026-01-03T23:28:39.005655Z,price_change,0.54,BUY,-30,0.57,0.58
2026-01-03T23:28:39.005655Z,price_change,0.61,SELL,-30,0.57,0.58
2026-01-03T23:28:42.505027Z,price_change,0.5800000000000001,SELL,-200,0.57,0.58
2026-01-03T23:28:42.789874Z,price_change,0.5800000000000001,SELL,200,0.57,0.58
2026-01-03T23:28:44.620291Z,price_change,0.5800000000000001,SELL,18,0.57,0.58
2026-01-03T23:28:48.357606Z,price_change,0.5800000000000001,SELL,-200,0.57,0.58
2026-01-03T23:28:48.619521Z,price_change,0.5800000000000001,SELL,200,0.57,0.58
2026-01-03T23:28:54.559372Z,price_change,0.5800000000000001,SELL,-8,0.57,0.58
2026-01-03T23:29:07.876096Z,price_change,0.5800000000000001,SELL,-5,0.57,0.58
2026-01-03T23:29:08.303948Z,price_change,0.5800000000000001,SELL,-42,0.57,0.58
2026-01-03T23:29:14.305206Z,price_change,0.5800000000000001,SELL,-22,0.57,0.58
2026-01-03T23:29:14.452076Z,price_change,0.5900000000000001,SELL,-4850,0.57,0.58
2026-01-03T23:29:14.7388Z,price_change,0.5900000000000001,SELL,4800,0.57,0.58
2026-01-03T23:29:17.27618Z,price_change,0.57,BUY,-2,0.57,0.58
2026-01-03T23:29:18.802531Z,price_change,0.5800000000000001,SELL,-200,0.57,0.58
2026-01-03T23:29:19.114029Z,price_change,0.5800000000000001,SELL,200,0.57,0.58
2026-01-03T23:29:19.231081Z,price_change,0.57,BUY,-42,0.57,0.58
2026-01-03T23:29:19.327474Z,price_change,0.57,BUY,-600,0.57,0.58
2026-01-03T23:29:19.430954Z,price_change,0.57,BUY,598,0.57,0.58
2026-01-03T23:29:19.804659Z,price_change,0.57,BUY,-10,0.57,0.58
2026-01-03T23:29:22.251598Z,price_change,0.5800000000000001,SELL,-345,0.57,0.58
2026-01-03T23:29:22.574816Z,price_change,0.57,BUY,-15,0.57,0.58
2026-01-03T23:29:23.860422Z,price_change,0.5800000000000001,SELL,144,0.57,0.58
2026-01-03T23:29:30.707203Z,price_change,0.5800000000000001,SELL,-35,0.57,0.58
2026-01-03T23:29:31.559684Z,price_change,0.57,BUY,-25,0.57,0.58
2026-01-03T23:29:35.162202Z,price_change,0.5800000000000001,SELL,-18,0.57,0.58
2026-01-03T23:29:45.400702Z,price_change,0.5800000000000001,SELL,18,0.57,0.58
2026-01-03T23:29:46.850741Z,price_change,0.5800000000000001,SELL,-1,0.57,0.58
2026-01-03T23:29:49.303867Z,price_change,0.5800000000000001,SELL,-200,0.57,0.58
2026-01-03T23:29:49.432031Z,price_change,0.5800000000000001,SELL,200,0.57,0.58
2026-01-03T23:29:51.781774Z,price_change,0.5800000000000001,SELL,-200,0.57,0.58
2026-01-03T23:29:52.039844Z,price_change,0.5800000000000001,SELL,200,0.57,0.58
2026-01-03T23:29:59.210948Z,price_change,0.57,BUY,-22,0.57,0.58
2026-01-03T23:30:00.167446Z,price_change,0.56,BUY,-200,0.57,0.58
2026-01-03T23:30:00.284519Z,price_change,0.5800000000000001,SELL,-33,0.57,0.58
2026-01-03T23:30:00.626758Z,price_change,0.5900000000000001,SELL,-4800,0.57,0.58
2026-01-03T23:30:00.77562Z,price_change,0.5800000000000001,SELL,-32,0.57,0.58
2026-01-03T23:30:00.878298Z,price_change,0.5800000000000001,SELL,-200,0.57,0.58
2026-01-03T23:30:00.91783Z,price_change,0.5900000000000001,SELL,4750,0.57,0.58
2026-01-03T23:30:01.049496Z,price_change,0.5800000000000001,SELL,200,0.57,0.58
2026-01-03T23:30:03.493832Z,price_change,0.5800000000000001,SELL,-49,0.57,0.58
2026-01-03T23:30:03.702848Z,price_change,0.5900000000000001,SELL,-4750,0.57,0.58
2026-01-03T23:30:05.347085Z,price_change,0.5800000000000001,SELL,-28,0.57,0.58
2026-01-03T23:30:05.414783Z,price_change,0.5800000000000001,SELL,-462,0.57,0.58
2026-01-03T23:30:05.453779Z,price_change,0.5900000000000001,SELL,4400,0.57,0.58
2026-01-03T23:30:05.578374Z,price_change,0.53,BUY,6800,0.57,0.58
2026-01-03T23:30:05.611085Z,price_change,0.5800000000000001,SELL,182,0.57,0.58
2026-01-03T23:30:05.841036Z,price_change,0.5800000000000001,SELL,-182,0.57,0.58
2026-01-03T23:30:05.961809Z,price_change,0.5900000000000001,SELL,-4400,0.57,0.58
2026-01-03T23:30:05.969023Z,price_change,0.5800000000000001,SELL,-313,0.57,0.58
2026-01-03T23:30:06.702931Z,price_change,0.5800000000000001,SELL,490,0.57,0.58
2026-01-03T23:30:10.811611Z,price_change,0.5800000000000001,SELL,-201,0.57,0.58
2026-01-03T23:30:11.10723Z,price_change,0.5900000000000001,SELL,3700,0.57,0.58
2026-01-03T23:30:11.467952Z,price_change,0.5800000000000001,SELL,152,0.57,0.58
2026-01-03T23:30:11.877711Z,price_change,0.5800000000000001,SELL,-43,0.57,0.58
2026-01-03T23:30:11.889402Z,price_change,0.5800000000000001,SELL,-44,0.57,0.58
2026-01-03T23:30:11.945537Z,price_change,0.5800000000000001,SELL,-152,0.57,0.58
2026-01-03T23:30:11.946791Z,price_change,0.5900000000000001,SELL,-3700,0.57,0.58
2026-01-03T23:30:12.282723Z,price_change,0.5800000000000001,SELL,-42,0.57,0.58
2026-01-03T23:30:12.793216Z,price_change,0.5800000000000001,SELL,-75,0.57,0.58
2026-01-03T23:30:13.727937Z,price_change,0.5800000000000001,SELL,-49,0.57,0.58
2026-01-03T23:30:13.852408Z,price_change,0.5900000000000001,SELL,3150,0.57,0.58
2026-01-03T23:30:13.944902Z,price_change,0.5800000000000001,SELL,-215,0.57,0.58
2026-01-03T23:30:13.993337Z,price_change,0.5800000000000001,SELL,-79,0.57,0.58
2026-01-03T23:30:14.202436Z,price_change,0.5800000000000001,SELL,104,0.57,0.58
2026-01-03T23:30:15.431135Z,price_change,0.5900000000000001,SELL,-3150,0.57,0.58
2026-01-03T23:30:15.457427Z,price_change,0.5800000000000001,SELL,-102,0.57,0.58
2026-01-03T23:30:15.524682Z,price_change,0.5800000000000001,SELL,-104,0.57,0.58
2026-01-03T23:30:15.868192Z,price_change,0.57,BUY,-2,0.57,0.58
2026-01-03T23:30:15.991971Z,price_change,0.5900000000000001,SELL,3050,0.57,0.58
2026-01-03T23:30:16.485247Z,price_change,0.5800000000000001,SELL,-245,0.57,0.58
2026-01-03T23:30:17.351666Z,price_change,0.5800000000000001,SELL,-59,0.57,0.58
2026-01-03T23:30:17.396773Z,price_change,0.5900000000000001,SELL,-3050,0.57,0.58
2026-01-03T23:30:17.656275Z,price_change,0.5800000000000001,SELL,-29,0.57,0.58
2026-01-03T23:30:18.01143Z,price_change,0.5800000000000001,SELL,-108,0.57,0.58
2026-01-03T23:30:19.777674Z,price_change,0.5800000000000001,SELL,-49,0.57,0.58
2026-01-03T23:30:19.871655Z,price_change,0.5800000000000001,SELL,-144,0.57,0.58
2026-01-03T23:30:27.431924Z,price_change,0.5800000000000001,SELL,-200,0.57,0.58
2026-01-03T23:30:27.50429Z,price_change,0.5800000000000001,SELL,-5,0.57,0.58
2026-01-03T23:30:27.581735Z,price_change,0.5900000000000001,SELL,2600,0.57,0.58
2026-01-03T23:30:27.70641Z,price_change,0.5800000000000001,SELL,-196,0.57,0.58
2026-01-03T23:30:27.832147Z,price_change,0.5800000000000001,SELL,-120,0.57,0.58
2026-01-03T23:30:28.193314Z,price_change,0.5800000000000001,SELL,-3,0.57,0.58
2026-01-03T23:30:29.928335Z,price_change,0.57,BUY,-32,0.57,0.58
2026-01-03T23:30:31.205858Z,price_change,0.5800000000000001,SELL,-200,0.57,0.58
2026-01-03T23:30:31.4594Z,price_change,0.5800000000000001,SELL,200,0.57,0.58
2026-01-03T23:30:32.127475Z,price_change,0.5800000000000001,SELL,-83,0.57,0.58
2026-01-03T23:30:32.416555Z,price_change,0.5800000000000001,SELL,435,0.57,0.58
2026-01-03T23:30:32.511666Z,price_change,0.5800000000000001,SELL,-86,0.57,0.58
2026-01-03T23:30:32.608644Z,price_change,0.5900000000000001,SELL,-2600,0.57,0.58
2026-01-03T23:30:32.675517Z,price_change,0.5800000000000001,SELL,-50,0.57,0.58
2026-01-03T23:30:36.341681Z,price_change,0.5800000000000001,SELL,-30,0.57,0.58
2026-01-03T23:30:36.630983Z,price_change,0.5900000000000001,SELL,2450,0.57,0.58
2026-01-03T23:30:36.654919Z,price_change,0.5800000000000001,SELL,-49,0.57,0.58
2026-01-03T23:30:37.796623Z,price_change,0.57,BUY,-492,0.57,0.58
2026-01-03T23:30:37.855876Z,price_change,0.57,BUY,-888,0.57,0.58
2026-01-03T23:30:37.913143Z,price_change,0.57,BUY,598,0.57,0.58
2026-01-03T23:30:51.000251Z,price_change,0.52,BUY,-500,0.57,0.58
2026-01-03T23:30:52.295882Z,price_change,0.5800000000000001,SELL,-30,0.57,0.58
2026-01-03T23:30:52.403687Z,price_change,0.5800000000000001,SELL,-49,0.57,0.58
2026-01-03T23:30:52.456083Z,price_change,0.5900000000000001,SELL,-2450,0.57,0.58
2026-01-03T23:30:52.753064Z,price_change,0.5900000000000001,SELL,2400,0.57,0.58
2026-01-03T23:30:56.014289Z,price_change,0.5800000000000001,SELL,-18,0.57,0.58
2026-01-03T23:30:57.330625Z,price_change,0.54,BUY,-2370,0.57,0.58
2026-01-03T23:30:57.744623Z,price_change,0.57,BUY,-6,0.57,0.58
2026-01-03T23:31:01.177297Z,price_change,0.53,BUY,-5848,0.57,0.58
2026-01-03T23:31:01.180632Z,price_change,0.53,BUY,-2856,0.57,0.58
2026-01-03T23:31:01.759218Z,price_change,0.5800000000000001,SELL,-200,0.57,0.58
2026-01-03T23:31:01.880763Z,price_change,0.5800000000000001,SELL,200,0.57,0.58
2026-01-03T23:31:05.726627Z,price_change,0.54,BUY,9,0.57,0.58
2026-01-03T23:31:06.300243Z,price_change,0.5800000000000001,SELL,18,0.57,0.58
2026-01-03T23:31:08.887646Z,price_change,0.5800000000000001,SELL,-39,0.57,0.58
2026-01-03T23:31:08.91616Z,price_change,0.5800000000000001,SELL,-49,0.57,0.58
2026-01-03T23:31:09.035857Z,price_change,0.5900000000000001,SELL,-2400,0.57,0.58
2026-01-03T23:31:10.466219Z,price_change,0.5800000000000001,SELL,-200,0.57,0.58
2026-01-03T23:31:10.575015Z,price_change,0.5800000000000001,SELL,-276,0.57,0.58
2026-01-03T23:31:10.626588Z,price_change,0.5800000000000001,SELL,-451,0.57,0.58
2026-01-03T23:31:10.719843Z,price_change,0.5800000000000001,SELL,200,0.57,0.58
2026-01-03T23:31:10.766396Z,price_change,0.5900000000000001,SELL,1900,0.57,0.58
2026-01-03T23:31:13.65387Z,price_change,0.52,BUY,500,0.57,0.58
2026-01-03T23:31:19.697015Z,price_change,0.5800000000000001,SELL,-83,0.57,0.58
2026-01-03T23:31:19.84617Z,price_change,0.5900000000000001,SELL,-1900,0.57,0.58
2026-01-03T23:31:19.936362Z,price_change,0.5800000000000001,SELL,-81,0.57,0.58
2026-01-03T23:31:20.096803Z,price_change,0.5800000000000001,SELL,-50,0.57,0.58
2026-01-03T23:31:20.166631Z,price_change,0.5900000000000001,SELL,1800,0.57,0.58
2026-01-03T23:31:20.79825Z,price_change,0.57,BUY,-219,0.57,0.58
2026-01-03T23:31:25.09702Z,price_change,0.5800000000000001,SELL,-30,0.57,0.58
2026-01-03T23:31:25.136338Z,price_change,0.5800000000000001,SELL,-49,0.57,0.58
2026-01-03T23:31:25.250148Z,price_change,0.5900000000000001,SELL,-1800,0.57,0.58
2026-01-03T23:31:25.352872Z,price_change,0.5900000000000001,SELL,1750,0.57,0.58
2026-01-03T23:31:26.847537Z,price_change,0.5800000000000001,SELL,-334,0.57,0.58
2026-01-03T23:31:26.985427Z,price_change,0.5800000000000001,SELL,417,0.57,0.58
2026-01-03T23:31:26.996142Z,price_change,0.5900000000000001,SELL,-1750,0.57,0.58
2026-01-03T23:31:27.022022Z,price_change,0.5800000000000001,SELL,-200,0.57,0.58
2026-01-03T23:31:27.075813Z,price_change,0.5800000000000001,SELL,-327,0.57,0.58
2026-01-03T23:31:38.326963Z,price_change,0.57,BUY,-11,0.57,0.58
2026-01-03T23:31:38.622459Z,price_change,0.5900000000000001,SELL,1450,0.57,0.58
2026-01-03T23:31:40.219025Z,price_change,0.5800000000000001,SELL,210,0.57,0.58
2026-01-03T23:31:40.327612Z,price_change,0.57,BUY,-20,0.57,0.58
2026-01-03T23:31:40.905902Z,price_change,0.5800000000000001,SELL,-200,0.57,0.58
2026-01-03T23:31:41.009783Z,price_change,0.5900000000000001,SELL,200,0.57,0.58
2026-01-03T23:31:41.069891Z,price_change,0.5800000000000001,SELL,200,0.57,0.58
2026-01-03T23:31:55.057426Z,price_change,0.53,BUY,-952,0.57,0.58
2026-01-03T23:31:55.058801Z,price_change,0.53,BUY,-25,0.57,0.58
2026-01-03T23:31:55.060022Z,price_change,0.53,BUY,-2629,0.57,0.58
2026-01-03T23:31:55.061092Z,price_change,0.53,BUY,-3019,0.57,0.58
2026-01-03T23:31:55.062656Z,price_change,0.53,BUY,-175,0.57,0.58
2026-01-03T23:31:55.532931Z,price_change,0.57,BUY,-10,0.57,0.58
2026-01-03T23:31:55.686642Z,price_change,0.53,BUY,6800,0.57,0.58
2026-01-03T23:31:57.72891Z,price_change,0.5900000000000001,SELL,-200,0.57,0.58
2026-01-03T23:31:57.746693Z,price_change,0.5800000000000001,SELL,-49,0.57,0.58
2026-01-03T23:31:57.838779Z,price_change,0.5900000000000001,SELL,150,0.57,0.58
2026-01-03T23:32:01.267133Z,price_change,0.57,BUY,-25,0.57,0.58
2026-01-03T23:32:05.55892Z,price_change,0.57,BUY,-24678,0.57,0.58
2026-01-03T23:32:05.560464Z,price_change,0.57,BUY,-307,0.57,0.58
2026-01-03T23:32:05.615514Z,price_change,0.56,BUY,24985,0.57,0.58
2026-01-03T23:32:05.68926Z,price_change,0.53,BUY,-6800,0.57,0.58
2026-01-03T23:32:06.04462Z,price_change,0.5900000000000001,SELL,-75,0.57,0.58
2026-01-03T23:32:06.543614Z,price_change,0.5800000000000001,SELL,-40,0.57,0.58
2026-01-03T23:32:06.637342Z,price_change,0.6,SELL,-100,0.57,0.58
2026-01-03T23:32:09.50348Z,price_change,0.5900000000000001,SELL,75,0.57,0.58
2026-01-03T23:32:09.504512Z,price_change,0.5800000000000001,SELL,40,0.57,0.58
2026-01-03T23:32:11.210054Z,price_change,0.5800000000000001,SELL,-200,0.57,0.58
2026-01-03T23:32:11.471845Z,price_change,0.5800000000000001,SELL,200,0.57,0.58
2026-01-03T23:32:13.7114Z,price_change,0.5900000000000001,SELL,-150,0.57,0.58
2026-01-03T23:32:13.729993Z,price_change,0.5800000000000001,SELL,-49,0.57,0.58
2026-01-03T23:32:14.001323Z,price_change,0.5900000000000001,SELL,100,0.57,0.58
2026-01-03T23:32:15.754015Z,price_change,0.56,BUY,-1000,0.57,0.58
2026-01-03T23:32:15.758414Z,price_change,0.57,BUY,-366,0.57,0.58
2026-01-03T23:32:15.759865Z,price_change,0.5900000000000001,SELL,-1000,0.57,0.58
2026-01-03T23:32:15.806107Z,price_change,0.56,BUY,814,0.57,0.58
2026-01-03T23:32:15.807146Z,price_change,0.55,BUY,1000,0.57,0.58
2026-01-03T23:32:15.807858Z,price_change,0.5800000000000001,SELL,367,0.57,0.58
2026-01-03T23:32:15.80866Z,price_change,0.57,BUY,-25,0.56,0.58
2026-01-03T23:32:15.80866Z,price_change,0.5700000000000001,SELL,160,0.56,0.5700000000000001
2026-01-03T23:32:15.826224Z,price_change,0.55,BUY,-379,0.56,0.5700000000000001
2026-01-03T23:32:15.870434Z,price_change,0.5900000000000001,SELL,-200,0.56,0.5700000000000001
2026-01-03T23:32:15.879677Z,price_change,0.5700000000000001,SELL,1088,0.56,0.5700000000000001
2026-01-03T23:32:15.906496Z,price_change,0.5800000000000001,SELL,-200,0.56,0.5700000000000001
2026-01-03T23:32:15.952107Z,price_change,0.5800000000000001,SELL,178,0.56,0.5700000000000001
2026-01-03T23:32:15.96039Z,price_change,0.53,BUY,1700,0.56,0.5700000000000001
2026-01-03T23:32:15.961082Z,price_change,0.5800000000000001,SELL,-871,0.56,0.5700000000000001
2026-01-03T23:32:15.961082Z,price_change,0.5700000000000001,SELL,939,0.56,0.5700000000000001
2026-01-03T23:32:16.036187Z,price_change,0.5700000000000001,SELL,1535,0.56,0.5700000000000001
2026-01-03T23:32:16.091901Z,price_change,0.5800000000000001,SELL,-112,0.56,0.5700000000000001
2026-01-03T23:32:16.140167Z,price_change,0.5800000000000001,SELL,-1423,0.56,0.5700000000000001
2026-01-03T23:32:16.224391Z,price_change,0.5800000000000001,SELL,-178,0.56,0.5700000000000001
2026-01-03T23:32:16.255418Z,price_change,0.5700000000000001,SELL,178,0.56,0.5700000000000001
2026-01-03T23:32:16.928101Z,price_change,0.5800000000000001,SELL,-18,0.56,0.5700000000000001
2026-01-03T23:32:17.089289Z,price_change,0.5900000000000001,SELL,-10,0.56,0.5700000000000001
2026-01-03T23:32:17.361379Z,price_change,0.5800000000000001,SELL,10,0.56,0.5700000000000001
2026-01-03T23:32:17.511749Z,price_change,0.5900000000000001,SELL,-5,0.56,0.5700000000000001
2026-01-03T23:32:17.872183Z,price_change,0.6,SELL,100,0.56,0.5700000000000001
2026-01-03T23:32:18.152149Z,price_change,0.5900000000000001,SELL,-75,0.56,0.5700000000000001
2026-01-03T23:32:18.244729Z,price_change,0.5800000000000001,SELL,-40,0.56,0.5700000000000001
2026-01-03T23:32:27.092205Z,price_change,0.5800000000000001,SELL,18,0.56,0.5700000000000001
2026-01-03T23:32:29.063927Z,price_change,0.5700000000000001,SELL,-160,0.56,0.5700000000000001
2026-01-03T23:32:29.097552Z,price_change,0.56,BUY,135,0.56,0.5700000000000001
2026-01-03T23:32:29.098458Z,price_change,0.5700000000000001,SELL,50,0.56,0.5700000000000001
2026-01-03T23:32:31.526558Z,price_change,0.5700000000000001,SELL,-49,0.56,0.5700000000000001
2026-01-03T23:32:31.5511Z,price_change,0.5900000000000001,SELL,-100,0.56,0.5700000000000001
2026-01-03T23:32:31.610088Z,price_change,0.5700000000000001,SELL,-30,0.56,0.5700000000000001
2026-01-03T23:32:39.000457Z,price_change,0.52,BUY,-500,0.56,0.5700000000000001
2026-01-03T23:32:41.872962Z,price_change,0.5700000000000001,SELL,-15,0.56,0.5700000000000001
2026-01-03T23:32:42.050309Z,price_change,0.5700000000000001,SELL,-9,0.56,0.5700000000000001
2026-01-03T23:32:44.627134Z,price_change,0.5700000000000001,SELL,-83,0.56,0.5700000000000001
2026-01-03T23:32:44.769164Z,price_change,0.5900000000000001,SELL,-1450,0.56,0.5700000000000001
2026-01-03T23:32:44.791945Z,price_change,0.5700000000000001,SELL,-96,0.56,0.5700000000000001
2026-01-03T23:32:44.796234Z,price_change,0.5700000000000001,SELL,-49,0.56,0.5700000000000001
2026-01-03T23:32:47.251388Z,price_change,0.5800000000000001,SELL,-18,0.56,0.5700000000000001
2026-01-03T23:32:52.316034Z,price_change,0.5900000000000001,SELL,1400,0.56,0.5700000000000001
2026-01-03T23:32:57.559287Z,price_change,0.5800000000000001,SELL,18,0.56,0.5700000000000001
2026-01-03T23:32:59.738749Z,price_change,0.5700000000000001,SELL,-8,0.56,0.5700000000000001
2026-01-03T23:33:00.139758Z,price_change,0.5700000000000001,SELL,-5,0.56,0.5700000000000001
2026-01-03T23:33:00.71199Z,price_change,0.5700000000000001,SELL,-30,0.56,0.5700000000000001
2026-01-03T23:33:00.714936Z,price_change,0.5700000000000001,SELL,-57,0.56,0.5700000000000001
2026-01-03T23:33:00.869583Z,price_change,0.5900000000000001,SELL,-1400,0.56,0.5700000000000001
2026-01-03T23:33:03.61854Z,price_change,0.5700000000000001,SELL,-15,0.56,0.5700000000000001
2026-01-03T23:33:03.95714Z,price_change,0.53,BUY,-1700,0.56,0.5700000000000001
2026-01-03T23:33:03.958831Z,price_change,0.53,BUY,-1007,0.56,0.5700000000000001
2026-01-03T23:33:05.072707Z,price_change,0.52,BUY,500,0.56,0.5700000000000001
2026-01-03T23:33:05.179409Z,price_change,0.5900000000000001,SELL,1300,0.56,0.5700000000000001
2026-01-03T23:33:05.530919Z,price_change,0.54,BUY,-25,0.56,0.5700000000000001
2026-01-03T23:33:05.532548Z,price_change,0.5800000000000001,SELL,-177,0.56,0.5700000000000001
2026-01-03T23:33:05.53414Z,price_change,0.5800000000000001,SELL,-206,0.56,0.5700000000000001
2026-01-03T23:33:05.535993Z,price_change,0.5800000000000001,SELL,-20,0.56,0.5700000000000001
2026-01-03T23:33:05.5375Z,price_change,0.5800000000000001,SELL,-227,0.56,0.5700000000000001
2026-01-03T23:33:05.540229Z,price_change,0.5800000000000001,SELL,-60,0.56,0.5700000000000001
2026-01-03T23:33:05.541867Z,price_change,0.5800000000000001,SELL,-90,0.56,0.5700000000000001
2026-01-03T23:33:05.543466Z,price_change,0.5800000000000001,SELL,-49,0.56,0.5700000000000001
2026-01-03T23:33:05.568564Z,price_change,0.56,BUY,47,0.56,0.5700000000000001
2026-01-03T23:33:05.570662Z,price_change,0.5900000000000001,SELL,78,0.56,0.5700000000000001
2026-01-03T23:33:05.572582Z,price_change,0.6,SELL,485,0.56,0.5700000000000001
2026-01-03T23:33:05.743587Z,price_change,0.5800000000000001,SELL,-2400,0.56,0.5700000000000001
2026-01-03T23:33:05.750692Z,price_change,0.55,BUY,-75000,0.56,0.5700000000000001
2026-01-03T23:33:05.751521Z,price_change,0.5800000000000001,SELL,-296597,0.56,0.5700000000000001
2026-01-03T23:33:05.904216Z,price_change,0.5900000000000001,SELL,296597,0.56,0.5700000000000001
2026-01-03T23:33:06.118686Z,price_change,0.6,SELL,2483,0.56,0.5700000000000001
2026-01-03T23:33:06.153749Z,price_change,0.5700000000000001,SELL,-31,0.56,0.5700000000000001
2026-01-03T23:33:06.266872Z,price_change,0.52,BUY,-662,0.56,0.5700000000000001
2026-01-03T23:33:06.268513Z,price_change,0.61,SELL,-660,0.56,0.5700000000000001
2026-01-03T23:33:06.270192Z,price_change,0.5,BUY,-229,0.56,0.5700000000000001
2026-01-03T23:33:06.271733Z,price_change,0.62,SELL,-225,0.56,0.5700000000000001
2026-01-03T23:33:06.310967Z,price_change,0.53,BUY,650,0.56,0.5700000000000001
2026-01-03T23:33:06.312435Z,price_change,0.62,SELL,677,0.56,0.5700000000000001
2026-01-03T23:33:06.314355Z,price_change,0.51,BUY,225,0.56,0.5700000000000001
2026-01-03T23:33:06.315866Z,price_change,0.63,SELL,232,0.56,0.5700000000000001
2026-01-03T23:33:06.375186Z,price_change,0.5700000000000001,SELL,-4,0.56,0.5700000000000001
2026-01-03T23:33:06.527006Z,price_change,0.5700000000000001,SELL,-597,0.56,0.5700000000000001
2026-01-03T23:33:06.56126Z,price_change,0.5700000000000001,SELL,-339,0.56,0.5700000000000001
2026-01-03T23:33:06.724815Z,price_change,0.5900000000000001,SELL,-1300,0.56,0.5700000000000001
2026-01-03T23:33:06.786966Z,price_change,0.5700000000000001,SELL,-208,0.56,0.5700000000000001
2026-01-03T23:33:06.802758Z,price_change,0.56,BUY,75000,0.56,0.5700000000000001
2026-01-03T23:33:07.01338Z,price_change,0.5700000000000001,SELL,-152,0.56,0.5700000000000001
2026-01-03T23:33:07.049247Z,price_change,0.5700000000000001,SELL,-249,0.56,0.5700000000000001
2026-01-03T23:33:07.133658Z,price_change,0.53,BUY,-499,0.56,0.5700000000000001
2026-01-03T23:33:07.134803Z,price_change,0.53,BUY,-2380,0.56,0.5700000000000001
2026-01-03T23:33:07.135882Z,price_change,0.53,BUY,-443,0.56,0.5700000000000001
2026-01-03T23:33:07.250463Z,price_change,0.54,BUY,1396,0.56,0.5700000000000001
2026-01-03T23:33:07.307267Z,price_change,0.5800000000000001,SELL,-5000,0.56,0.5700000000000001
2026-01-03T23:33:07.307267Z,price_change,0.6,SELL,5000,0.56,0.5700000000000001
2026-01-03T23:33:07.321412Z,price_change,0.53,BUY,2125,0.56,0.5700000000000001
2026-01-03T23:33:07.376109Z,price_change,0.5900000000000001,SELL,700,0.56,0.5700000000000001
2026-01-03T23:33:07.426571Z,price_change,0.5700000000000001,SELL,-5,0.56,0.5700000000000001
2026-01-03T23:33:07.44774Z,price_change,0.54,BUY,-100,0.56,0.5700000000000001
2026-01-03T23:33:07.457367Z,price_change,0.5800000000000001,SELL,-100,0.56,0.5700000000000001
2026-01-03T23:33:07.502062Z,price_change,0.56,BUY,100,0.56,0.5700000000000001
2026-01-03T23:33:07.554833Z,price_change,0.6,SELL,100,0.56,0.5700000000000001
2026-01-03T23:33:07.732276Z,price_change,0.5800000000000001,SELL,-196,0.56,0.5700000000000001
2026-01-03T23:33:07.835905Z,price_change,0.5700000000000001,SELL,-3,0.56,0.5700000000000001
2026-01-03T23:33:07.896701Z,price_change,0.54,BUY,-5000,0.56,0.5700000000000001
2026-01-03T23:33:07.896701Z,price_change,0.56,BUY,5000,0.56,0.5700000000000001
2026-01-03T23:33:08.235681Z,price_change,0.5800000000000001,SELL,-29,0.56,0.5700000000000001
2026-01-03T23:33:08.646085Z,price_change,0.53,BUY,-2125,0.56,0.5700000000000001
2026-01-03T23:33:08.64785Z,price_change,0.53,BUY,-437,0.56,0.5700000000000001
2026-01-03T23:33:08.648814Z,price_change,0.53,BUY,-872,0.56,0.5700000000000001
2026-01-03T23:33:08.688098Z,price_change,0.53,BUY,-1257,0.56,0.5700000000000001
2026-01-03T23:33:08.745908Z,price_change,0.54,BUY,-705,0.56,0.5700000000000001
2026-01-03T23:33:08.75086Z,price_change,0.5900000000000001,SELL,-698,0.56,0.5700000000000001
2026-01-03T23:33:08.854138Z,price_change,0.54,BUY,-1396,0.56,0.5700000000000001
2026-01-03T23:33:08.855155Z,price_change,0.54,BUY,-1374,0.56,0.5700000000000001
2026-01-03T23:33:08.856162Z,price_change,0.53,BUY,-3061,0.56,0.5700000000000001
2026-01-03T23:33:09.145937Z,price_change,0.55,BUY,-1742,0.56,0.5700000000000001
2026-01-03T23:33:09.190551Z,price_change,0.54,BUY,-2137,0.56,0.5700000000000001
2026-01-03T23:33:09.21322Z,price_change,0.56,BUY,-337,0.56,0.5700000000000001
2026-01-03T23:33:09.231298Z,price_change,0.5800000000000001,SELL,-1889,0.56,0.5700000000000001
2026-01-03T23:33:09.254672Z,price_change,0.5900000000000001,SELL,-1249,0.56,0.5700000000000001
2026-01-03T23:33:09.371242Z,price_change,0.55,BUY,-340,0.56,0.5700000000000001
2026-01-03T23:33:09.434247Z,price_change,0.5900000000000001,SELL,-265,0.56,0.5700000000000001
2026-01-03T23:33:09.444618Z,price_change,0.6,SELL,-391,0.56,0.5700000000000001
2026-01-03T23:33:09.838065Z,price_change,0.55,BUY,-9,0.56,0.5700000000000001
2026-01-03T23:33:09.839175Z,price_change,0.5900000000000001,SELL,-20,0.56,0.5700000000000001
2026-01-03T23:33:09.840096Z,price_change,0.5900000000000001,SELL,-67,0.56,0.5700000000000001
2026-01-03T23:33:09.840983Z,price_change,0.55,BUY,-24,0.56,0.5700000000000001
2026-01-03T23:33:09.842601Z,price_change,0.5900000000000001,SELL,-1,0.56,0.5700000000000001
2026-01-03T23:33:09.843413Z,price_change,0.5900000000000001,SELL,-50,0.56,0.5700000000000001
2026-01-03T23:33:09.844416Z,price_change,0.5900000000000001,SELL,-1,0.56,0.5700000000000001
2026-01-03T23:33:09.845488Z,price_change,0.5900000000000001,SELL,-62,0.56,0.5700000000000001
2026-01-03T23:33:09.846345Z,price_change,0.5900000000000001,SELL,-27,0.56,0.5700000000000001
2026-01-03T23:33:09.847438Z,price_change,0.5900000000000001,SELL,-53,0.56,0.5700000000000001
2026-01-03T23:33:09.848593Z,price_change,0.5900000000000001,SELL,-40,0.56,0.5700000000000001
2026-01-03T23:33:09.84964Z,price_change,0.5900000000000001,SELL,-30,0.56,0.5700000000000001
2026-01-03T23:33:09.850675Z,price_change,0.5900000000000001,SELL,-45,0.56,0.5700000000000001
2026-01-03T23:33:09.863014Z,price_change,0.56,BUY,-75000,0.56,0.5700000000000001
2026-01-03T23:33:09.863935Z,price_change,0.5900000000000001,SELL,-296597,0.56,0.5700000000000001
2026-01-03T23:33:09.872926Z,price_change,0.5900000000000001,SELL,-37,0.56,0.5700000000000001
2026-01-03T23:33:09.874232Z,price_change,0.5900000000000001,SELL,-1,0.56,0.5700000000000001
2026-01-03T23:33:09.875493Z,price_change,0.5900000000000001,SELL,-46,0.56,0.5700000000000001
2026-01-03T23:33:09.876938Z,price_change,0.56,BUY,-47,0.56,0.5700000000000001
2026-01-03T23:33:09.878413Z,price_change,0.5900000000000001,SELL,-78,0.56,0.5700000000000001
2026-01-03T23:33:09.879862Z,price_change,0.6,SELL,-485,0.56,0.5700000000000001
2026-01-03T23:33:10.106577Z,price_change,0.5700000000000001,SELL,-434,0.56,0.5700000000000001
2026-01-03T23:33:10.223772Z,price_change,0.5700000000000001,SELL,-714,0.56,0.5700000000000001
2026-01-03T23:33:10.247639Z,price_change,0.6,SELL,-2483,0.56,0.5700000000000001
2026-01-03T23:33:10.271011Z,price_change,0.5900000000000001,SELL,11377,0.56,0.5700000000000001
2026-01-03T23:33:10.337919Z,price_change,0.54,BUY,-5000,0.56,0.5700000000000001
2026-01-03T23:33:10.337919Z,price_change,0.55,BUY,165,0.56,0.5700000000000001
2026-01-03T23:33:10.478981Z,price_change,0.5800000000000001,SELL,2088,0.56,0.5700000000000001
2026-01-03T23:33:10.546534Z,price_change,0.5900000000000001,SELL,-700,0.56,0.5700000000000001
2026-01-03T23:33:10.592686Z,price_change,0.5900000000000001,SELL,-9146,0.56,0.5700000000000001
2026-01-03T23:33:10.594044Z,price_change,0.54,BUY,-6944,0.56,0.5700000000000001
2026-01-03T23:33:10.84547Z,price_change,0.6,SELL,8000,0.56,0.5700000000000001
2026-01-03T23:33:10.849097Z,price_change,0.5700000000000001,SELL,-136,0.56,0.5700000000000001
2026-01-03T23:33:10.884666Z,price_change,0.5900000000000001,SELL,-30,0.56,0.5700000000000001
2026-01-03T23:33:11.036469Z,price_change,0.5700000000000001,SELL,-178,0.56,0.5700000000000001
2026-01-03T23:33:11.072751Z,price_change,0.5800000000000001,SELL,178,0.56,0.5700000000000001
2026-01-03T23:33:11.072787Z,price_change,0.5800000000000001,SELL,-38,0.56,0.5700000000000001
2026-01-03T23:33:11.161306Z,price_change,0.56,BUY,-5000,0.56,0.5700000000000001
2026-01-03T23:33:11.164033Z,price_change,0.6,SELL,-5000,0.56,0.5700000000000001
2026-01-03T23:33:11.261336Z,price_change,0.56,BUY,-100,0.56,0.5700000000000001
2026-01-03T23:33:11.265475Z,price_change,0.6,SELL,-100,0.56,0.5700000000000001
2026-01-03T23:33:11.279082Z,price_change,0.5900000000000001,SELL,-620,0.56,0.5700000000000001
2026-01-03T23:33:11.303659Z,price_change,0.6,SELL,-8000,0.56,0.5700000000000001
2026-01-03T23:33:11.33736Z,price_change,0.5800000000000001,SELL,-784,0.56,0.5700000000000001
2026-01-03T23:33:11.393782Z,price_change,0.5900000000000001,SELL,784,0.56,0.5700000000000001
2026-01-03T23:33:11.531818Z,price_change,0.5800000000000001,SELL,-417,0.56,0.5700000000000001
2026-01-03T23:33:11.532974Z,price_change,0.5800000000000001,SELL,-435,0.56,0.5700000000000001
2026-01-03T23:33:11.534242Z,price_change,0.5800000000000001,SELL,-432,0.56,0.5700000000000001
2026-01-03T23:33:11.535617Z,price_change,0.5800000000000001,SELL,-490,0.56,0.5700000000000001
2026-01-03T23:33:11.605175Z,price_change,0.5800000000000001,SELL,-1568,0.56,0.5700000000000001
2026-01-03T23:33:11.649513Z,price_change,0.5900000000000001,SELL,784,0.56,0.5700000000000001
2026-01-03T23:33:11.776097Z,price_change,0.6,SELL,-100,0.56,0.5700000000000001
2026-01-03T23:33:11.813732Z,price_change,0.53,BUY,-650,0.56,0.5700000000000001
2026-01-03T23:33:11.814728Z,price_change,0.62,SELL,-677,0.56,0.5700000000000001
2026-01-03T23:33:11.815581Z,price_change,0.51,BUY,-225,0.56,0.5700000000000001
2026-01-03T23:33:11.816311Z,price_change,0.63,SELL,-232,0.56,0.5700000000000001
2026-01-03T23:33:11.866508Z,price_change,0.5800000000000001,SELL,-144,0.56,0.5700000000000001
2026-01-03T23:33:11.942579Z,price_change,0.5900000000000001,SELL,784,0.56,0.5700000000000001
2026-01-03T23:33:12.484676Z,price_change,0.52,BUY,-500,0.56,0.5700000000000001
2026-01-03T23:33:12.870415Z,price_change,0.54,BUY,-1365,0.56,0.5700000000000001
2026-01-03T23:33:12.871701Z,price_change,0.54,BUY,-1293,0.56,0.5700000000000001
2026-01-03T23:33:12.873003Z,price_change,0.54,BUY,-282,0.56,0.5700000000000001
2026-01-03T23:33:12.990278Z,price_change,0.6,SELL,5550,0.56,0.5700000000000001
2026-01-03T23:33:13.14071Z,price_change,0.53,BUY,-2810,0.56,0.5700000000000001
2026-01-03T23:33:13.342099Z,price_change,0.53,BUY,1875,0.56,0.5700000000000001
2026-01-03T23:33:14.034141Z,price_change,0.5700000000000001,SELL,-169,0.56,0.5700000000000001
2026-01-03T23:33:14.068808Z,price_change,0.5700000000000001,SELL,416,0.56,0.5700000000000001
2026-01-03T23:33:14.165388Z,price_change,0.54,BUY,-596,0.56,0.5700000000000001
2026-01-03T23:33:14.166551Z,price_change,0.53,BUY,-1875,0.56,0.5700000000000001
2026-01-03T23:33:14.167526Z,price_change,0.53,BUY,-4064,0.56,0.5700000000000001
2026-01-03T23:33:14.168407Z,price_change,0.54,BUY,-150,0.56,0.5700000000000001
2026-01-03T23:33:14.169306Z,price_change,0.55,BUY,1380,0.56,0.5700000000000001
2026-01-03T23:33:14.542894Z,price_change,0.52,BUY,-500,0.56,0.5700000000000001
2026-01-03T23:33:14.661339Z,price_change,0.54,BUY,-1354,0.56,0.5700000000000001
2026-01-03T23:33:16.667698Z,price_change,0.5900000000000001,SELL,-39,0.56,0.5700000000000001
2026-01-03T23:33:17.268198Z,price_change,0.54,BUY,1359,0.56,0.5700000000000001
2026-01-03T23:33:17.343405Z,price_change,0.54,BUY,2125,0.56,0.5700000000000001
2026-01-03T23:33:17.374198Z,price_change,0.53,BUY,2000,0.56,0.5700000000000001
2026-01-03T23:33:17.798552Z,price_change,0.5800000000000001,SELL,-18,0.56,0.5700000000000001
2026-01-03T23:33:18.141085Z,price_change,0.54,BUY,-2125,0.56,0.5700000000000001
2026-01-03T23:33:18.351306Z,price_change,0.54,BUY,2125,0.56,0.5700000000000001
2026-01-03T23:33:18.577574Z,price_change,0.6,SELL,-5550,0.56,0.5700000000000001
2026-01-03T23:33:18.685258Z,price_change,0.5800000000000001,SELL,-42,0.56,0.5700000000000001
2026-01-03T23:33:18.767557Z,price_change,0.55,BUY,5,0.56,0.5700000000000001
2026-01-03T23:33:21.17392Z,price_change,0.5900000000000001,SELL,42,0.56,0.5700000000000001
2026-01-03T23:33:21.432011Z,price_change,0.6,SELL,5500,0.56,0.5700000000000001
2026-01-03T23:33:21.590674Z,price_change,0.5700000000000001,SELL,-416,0.56,0.5700000000000001
2026-01-03T23:33:21.591898Z,price_change,0.5700000000000001,SELL,-75,0.56,0.5700000000000001
2026-01-03T23:33:21.592852Z,price_change,0.5900000000000001,SELL,11354,0.56,0.5700000000000001
2026-01-03T23:33:21.710094Z,price_change,0.5700000000000001,SELL,-50,0.56,0.58
2026-01-03T23:33:21.735202Z,price_change,0.55,BUY,75,0.56,0.58
2026-01-03T23:33:21.886187Z,price_change,0.5800000000000001,SELL,75,0.56,0.58
2026-01-03T23:33:27.406506Z,price_change,0.55,BUY,-5,0.56,0.58
2026-01-03T23:33:27.491339Z,price_change,0.5900000000000001,SELL,5,0.56,0.58
2026-01-03T23:33:27.766289Z,price_change,0.55,BUY,1036,0.56,0.58
2026-01-03T23:33:28.195455Z,price_change,0.5800000000000001,SELL,-2,0.56,0.58
2026-01-03T23:33:28.504251Z,price_change,0.5800000000000001,SELL,-10,0.56,0.58
2026-01-03T23:33:28.916498Z,price_change,0.5800000000000001,SELL,10,0.56,0.58
2026-01-03T23:33:29.917061Z,price_change,0.5800000000000001,SELL,-51,0.56,0.58
2026-01-03T23:33:30.067734Z,price_change,0.6,SELL,-5500,0.56,0.58
2026-01-03T23:33:30.117937Z,price_change,0.6,SELL,-1820,0.56,0.58
2026-01-03T23:33:30.261195Z,price_change,0.62,SELL,1225,0.56,0.58
2026-01-03T23:33:31.700406Z,price_change,0.54,BUY,100,0.56,0.58
2026-01-03T23:33:31.702728Z,price_change,0.5900000000000001,SELL,75,0.56,0.58
2026-01-03T23:33:32.4506Z,price_change,0.56,BUY,50,0.56,0.58
2026-01-03T23:33:34.652004Z,price_change,0.5800000000000001,SELL,-46,0.56,0.58
2026-01-03T23:33:34.789876Z,price_change,0.55,BUY,1142,0.56,0.58
2026-01-03T23:33:35.126647Z,price_change,0.5800000000000001,SELL,-45,0.56,0.58
2026-01-03T23:33:35.157794Z,price_change,0.54,BUY,-2125,0.56,0.58
2026-01-03T23:33:35.159008Z,price_change,0.54,BUY,-19,0.56,0.58
2026-01-03T23:33:35.33661Z,price_change,0.54,BUY,2125,0.56,0.58
2026-01-03T23:33:35.631543Z,price_change,0.6,SELL,5400,0.56,0.58
2026-01-03T23:33:37.021916Z,price_change,0.55,BUY,5,0.56,0.58
2026-01-03T23:33:37.036425Z,price_change,0.5900000000000001,SELL,-5,0.56,0.58
2026-01-03T23:33:41.207051Z,price_change,0.54,BUY,-2125,0.56,0.58
2026-01-03T23:33:41.402924Z,price_change,0.54,BUY,2125,0.56,0.58
2026-01-03T23:33:42.063101Z,price_change,0.5800000000000001,SELL,176,0.56,0.58
2026-01-03T23:33:42.13577Z,price_change,0.55,BUY,743,0.56,0.58
2026-01-03T23:33:42.226468Z,price_change,0.54,BUY,-1281,0.56,0.58
2026-01-03T23:33:42.259045Z,price_change,0.54,BUY,1206,0.56,0.58
2026-01-03T23:33:42.260723Z,price_change,0.55,BUY,1157,0.56,0.58
2026-01-03T23:33:42.29733Z,price_change,0.6,SELL,100,0.56,0.58
2026-01-03T23:33:42.354803Z,price_change,0.54,BUY,2373,0.56,0.58
2026-01-03T23:33:42.367116Z,price_change,0.55,BUY,1427,0.56,0.58
2026-01-03T23:33:42.39166Z,price_change,0.54,BUY,1699,0.56,0.58
2026-01-03T23:33:42.456097Z,price_change,0.5900000000000001,SELL,1066,0.56,0.58
2026-01-03T23:33:42.461491Z,price_change,0.6,SELL,1643,0.56,0.58
2026-01-03T23:33:42.46697Z,price_change,0.56,BUY,1455,0.56,0.58
2026-01-03T23:33:42.564147Z,price_change,0.54,BUY,1906,0.56,0.58
2026-01-03T23:33:42.582976Z,price_change,0.6,SELL,2483,0.56,0.58
2026-01-03T23:33:42.624303Z,price_change,0.61,SELL,1684,0.56,0.58
2026-01-03T23:33:42.672805Z,price_change,0.6,SELL,150,0.56,0.58
2026-01-03T23:33:43.023602Z,price_change,0.61,SELL,346,0.56,0.58
2026-01-03T23:33:43.07999Z,price_change,0.62,SELL,258,0.56,0.58
2026-01-03T23:33:43.116708Z,price_change,0.57,BUY,418,0.57,0.58
2026-01-03T23:33:43.17802Z,price_change,0.54,BUY,-1699,0.57,0.58
2026-01-03T23:33:43.179195Z,price_change,0.54,BUY,-1035,0.57,0.58
2026-01-03T23:33:43.18142Z,price_change,0.56,BUY,313,0.57,0.58
2026-01-03T23:33:43.275917Z,price_change,0.6,SELL,402,0.57,0.58
2026-01-03T23:33:43.285034Z,price_change,0.6,SELL,100,0.57,0.58
2026-01-03T23:33:43.28709Z,price_change,0.56,BUY,100,0.57,0.58
2026-01-03T23:33:43.301865Z,price_change,0.5800000000000001,SELL,-178,0.57,0.58
2026-01-03T23:33:43.358802Z,price_change,0.6,SELL,5000,0.57,0.58
2026-01-03T23:33:43.364578Z,price_change,0.54,BUY,2486,0.57,0.58
2026-01-03T23:33:43.392826Z,price_change,0.5900000000000001,SELL,178,0.57,0.58
2026-01-03T23:33:43.398832Z,price_change,0.56,BUY,5000,0.57,0.58
2026-01-03T23:33:43.721077Z,price_change,0.5900000000000001,SELL,-25,0.57,0.58
2026-01-03T23:33:44.717731Z,price_change,0.54,BUY,-100,0.57,0.58
2026-01-03T23:33:45.029136Z,price_change,0.53,BUY,4200,0.57,0.58
2026-01-03T23:33:46.31112Z,price_change,0.54,BUY,1795,0.57,0.58
2026-01-03T23:33:46.524179Z,price_change,0.55,BUY,698,0.57,0.58
2026-01-03T23:33:46.525577Z,price_change,0.6,SELL,698,0.57,0.58
2026-01-03T23:33:46.736364Z,price_change,0.56,BUY,38,0.57,0.58
2026-01-03T23:33:46.737671Z,price_change,0.55,BUY,24,0.57,0.58
2026-01-03T23:33:46.739164Z,price_change,0.5900000000000001,SELL,739,0.57,0.58
2026-01-03T23:33:46.740698Z,price_change,0.6,SELL,482,0.57,0.58
2026-01-03T23:33:46.745549Z,price_change,0.5800000000000001,SELL,-49,0.57,0.58
2026-01-03T23:33:46.814378Z,price_change,0.6,SELL,-2483,0.57,0.58
2026-01-03T23:33:46.82595Z,price_change,0.6,SELL,-150,0.57,0.58
2026-01-03T23:33:46.921655Z,price_change,0.55,BUY,75000,0.57,0.58
2026-01-03T23:33:46.927908Z,price_change,0.5900000000000001,SELL,296597,0.57,0.58
2026-01-03T23:33:47.106122Z,price_change,0.6,SELL,100,0.57,0.58
2026-01-03T23:33:47.192448Z,price_change,0.5900000000000001,SELL,2464,0.57,0.58
2026-01-03T23:33:47.600283Z,price_change,0.55,BUY,-5,0.57,0.58
2026-01-03T23:33:47.796088Z,price_change,0.56,BUY,-100,0.57,0.58
2026-01-03T23:33:47.848117Z,price_change,0.6,SELL,-100,0.57,0.58
2026-01-03T23:33:47.98343Z,price_change,0.5900000000000001,SELL,100,0.57,0.58
2026-01-03T23:33:47.99028Z,price_change,0.55,BUY,100,0.57,0.58
2026-01-03T23:33:51.210314Z,price_change,0.52,BUY,662,0.57,0.58
2026-01-03T23:33:51.211615Z,price_change,0.62,SELL,677,0.57,0.58
2026-01-03T23:33:51.213144Z,price_change,0.51,BUY,225,0.57,0.58
2026-01-03T23:33:51.214648Z,price_change,0.63,SELL,232,0.57,0.58
2026-01-03T23:33:51.880103Z,price_change,0.55,BUY,1403,0.57,0.58
2026-01-03T23:33:52.170592Z,price_change,0.53,BUY,1550,0.57,0.58
2026-01-03T23:34:02.332566Z,price_change,0.56,BUY,704,0.57,0.58
2026-01-03T23:34:02.407095Z,price_change,0.5900000000000001,SELL,427,0.57,0.58
2026-01-03T23:34:02.630771Z,price_change,0.6,SELL,50,0.57,0.58
2026-01-03T23:34:02.71618Z,price_change,0.55,BUY,-698,0.57,0.58
2026-01-03T23:34:02.782365Z,price_change,0.54,BUY,2913,0.57,0.58
2026-01-03T23:34:02.835112Z,price_change,0.5800000000000001,SELL,-199,0.57,0.58
2026-01-03T23:34:02.836435Z,price_change,0.5800000000000001,SELL,-422,0.57,0.58
2026-01-03T23:34:02.837508Z,price_change,0.5800000000000001,SELL,-804,0.57,0.58
2026-01-03T23:34:02.838492Z,price_change,0.5800000000000001,SELL,-428,0.57,0.58
2026-01-03T23:34:02.839421Z,price_change,0.5800000000000001,SELL,-551,0.57,0.58
2026-01-03T23:34:02.840412Z,price_change,0.5800000000000001,SELL,-786,0.57,0.58
2026-01-03T23:34:02.841381Z,price_change,0.5800000000000001,SELL,-525,0.57,0.58
2026-01-03T23:34:02.843569Z,price_change,0.55,BUY,5168,0.57,0.58
2026-01-03T23:34:02.894593Z,price_change,0.5800000000000001,SELL,-127,0.57,0.58
2026-01-03T23:34:02.93991Z,price_change,0.5800000000000001,SELL,-838,0.57,0.58
2026-01-03T23:34:02.979877Z,price_change,0.6,SELL,-5400,0.57,0.58
2026-01-03T23:34:03.08805Z,price_change,0.5900000000000001,SELL,-427,0.57,0.58
2026-01-03T23:34:03.095925Z,price_change,0.5800000000000001,SELL,-1751,0.57,0.58
2026-01-03T23:34:03.133727Z,price_change,0.5800000000000001,SELL,-75,0.57,0.58
2026-01-03T23:34:03.1791Z,price_change,0.61,SELL,701,0.57,0.58
2026-01-03T23:34:03.207793Z,price_change,0.6,SELL,10131,0.57,0.58
2026-01-03T23:34:03.236456Z,price_change,0.5800000000000001,SELL,-30,0.57,0.58
2026-01-03T23:34:03.241186Z,price_change,0.5900000000000001,SELL,-75,0.57,0.58
2026-01-03T23:34:03.242531Z,price_change,0.5800000000000001,SELL,-3920,0.57,0.58
2026-01-03T23:34:03.339035Z,price_change,0.54,BUY,-2125,0.57,0.58
2026-01-03T23:34:03.340807Z,price_change,0.6,SELL,-698,0.57,0.58
2026-01-03T23:34:03.342715Z,price_change,0.6,SELL,11681,0.57,0.58
2026-01-03T23:34:03.382245Z,price_change,0.55,BUY,-24,0.57,0.58
2026-01-03T23:34:03.383205Z,price_change,0.6,SELL,-482,0.57,0.58
2026-01-03T23:34:03.38415Z,price_change,0.5900000000000001,SELL,-739,0.57,0.58
2026-01-03T23:34:03.392991Z,price_change,0.56,BUY,-14,0.57,0.58
2026-01-03T23:34:03.394326Z,price_change,0.6,SELL,-1047,0.57,0.58
2026-01-03T23:34:03.405829Z,price_change,0.5800000000000001,SELL,2035,0.57,0.58
2026-01-03T23:34:03.423498Z,price_change,0.6,SELL,-50,0.57,0.58
2026-01-03T23:34:03.426457Z,price_change,0.57,BUY,57,0.57,0.58
2026-01-03T23:34:03.428129Z,price_change,0.61,SELL,890,0.57,0.58
2026-01-03T23:34:03.429598Z,price_change,0.62,SELL,490,0.57,0.58
2026-01-03T23:34:03.433181Z,price_change,0.5800000000000001,SELL,-551,0.57,0.58
2026-01-03T23:34:03.449288Z,price_change,0.55,BUY,-75000,0.57,0.58
2026-01-03T23:34:03.450176Z,price_change,0.5900000000000001,SELL,-296597,0.57,0.58
2026-01-03T23:34:03.469269Z,price_change,0.6,SELL,-100,0.57,0.58
2026-01-03T23:34:03.521742Z,price_change,0.54,BUY,2210,0.57,0.58
2026-01-03T23:34:03.526214Z,price_change,0.6,SELL,-100,0.57,0.58
2026-01-03T23:34:03.588068Z,price_change,0.6,SELL,-1206,0.57,0.58
2026-01-03T23:34:03.590387Z,price_change,0.5800000000000001,SELL,-307,0.57,0.58
2026-01-03T23:34:03.598022Z,price_change,0.57,BUY,75000,0.57,0.58
2026-01-03T23:34:03.600907Z,price_change,0.61,SELL,296597,0.57,0.58
2026-01-03T23:34:03.731095Z,price_change,0.5900000000000001,SELL,2088,0.57,0.58
2026-01-03T23:34:03.740108Z,price_change,0.61,SELL,-701,0.57,0.58
2026-01-03T23:34:03.839485Z,price_change,0.54,BUY,-2210,0.57,0.58
2026-01-03T23:34:03.840794Z,price_change,0.54,BUY,-2486,0.57,0.58
2026-01-03T23:34:03.841651Z,price_change,0.54,BUY,-1206,0.57,0.58
2026-01-03T23:34:03.84258Z,price_change,0.54,BUY,-788,0.57,0.58
2026-01-03T23:34:03.843511Z,price_change,0.54,BUY,-844,0.57,0.58
2026-01-03T23:34:03.844746Z,price_change,0.54,BUY,-1340,0.57,0.58
2026-01-03T23:34:03.845705Z,price_change,0.54,BUY,-1338,0.57,0.58
2026-01-03T23:34:03.846648Z,price_change,0.54,BUY,-232,0.57,0.58
2026-01-03T23:34:03.847687Z,price_change,0.54,BUY,-1795,0.57,0.58
2026-01-03T23:34:03.84886Z,price_change,0.54,BUY,-7257,0.57,0.58
2026-01-03T23:34:03.84951Z,price_change,0.53,BUY,-4200,0.57,0.58
2026-01-03T23:34:03.9076Z,price_change,0.5900000000000001,SELL,490,0.57,0.58
2026-01-03T23:34:03.987315Z,price_change,0.5800000000000001,SELL,40,0.57,0.58
2026-01-03T23:34:04.082386Z,price_change,0.5900000000000001,SELL,75,0.57,0.58
2026-01-03T23:34:04.134469Z,price_change,0.53,BUY,-1550,0.57,0.58
2026-01-03T23:34:04.230401Z,price_change,0.55,BUY,-1417,0.57,0.58
2026-01-03T23:34:04.298753Z,price_change,0.56,BUY,304,0.57,0.58
2026-01-03T23:34:04.435809Z,price_change,0.53,BUY,-2000,0.57,0.58
2026-01-03T23:34:04.551495Z,price_change,0.61,SELL,8000,0.57,0.58
2026-01-03T23:34:04.57349Z,price_change,0.5900000000000001,SELL,-2464,0.57,0.58
2026-01-03T23:34:04.623059Z,price_change,0.56,BUY,895,0.57,0.58
2026-01-03T23:34:04.772519Z,price_change,0.56,BUY,986,0.57,0.58
2026-01-03T23:34:04.905725Z,price_change,0.56,BUY,750,0.57,0.58
2026-01-03T23:34:04.944774Z,price_change,0.61,SELL,2589,0.57,0.58
2026-01-03T23:34:05.030756Z,price_change,0.5800000000000001,SELL,-2035,0.57,0.58
2026-01-03T23:34:05.035498Z,price_change,0.56,BUY,1237,0.57,0.58
2026-01-03T23:34:05.03694Z,price_change,0.5900000000000001,SELL,2144,0.57,0.58
2026-01-03T23:34:05.053451Z,price_change,0.6,SELL,-402,0.57,0.58
2026-01-03T23:34:05.086408Z,price_change,0.62,SELL,-490,0.57,0.58
2026-01-03T23:34:05.093406Z,price_change,0.61,SELL,-400,0.57,0.58
2026-01-03T23:34:05.115666Z,price_change,0.5900000000000001,SELL,-1785,0.57,0.58
2026-01-03T23:34:05.12141Z,price_change,0.5900000000000001,SELL,-43,0.57,0.58
2026-01-03T23:34:05.138121Z,price_change,0.6,SELL,506,0.57,0.58
2026-01-03T23:34:05.163654Z,price_change,0.57,BUY,-75000,0.57,0.58
2026-01-03T23:34:05.164575Z,price_change,0.61,SELL,-296597,0.57,0.58
2026-01-03T23:34:05.303278Z,price_change,0.5900000000000001,SELL,2015,0.57,0.58
2026-01-03T23:34:05.313578Z,price_change,0.57,BUY,75000,0.57,0.58
2026-01-03T23:34:05.315351Z,price_change,0.6,SELL,296597,0.57,0.58
2026-01-03T23:34:05.379782Z,price_change,0.61,SELL,-1244,0.57,0.58
2026-01-03T23:34:05.397929Z,price_change,0.5900000000000001,SELL,-75,0.57,0.58
2026-01-03T23:34:05.399099Z,price_change,0.6,SELL,-5000,0.57,0.58
2026-01-03T23:34:05.399099Z,price_change,0.61,SELL,5000,0.57,0.58
2026-01-03T23:34:05.403308Z,price_change,0.5800000000000001,SELL,-40,0.57,0.58
2026-01-03T23:34:05.493875Z,price_change,0.55,BUY,-997,0.57,0.58
2026-01-03T23:34:05.508512Z,price_change,0.56,BUY,-5000,0.57,0.58
2026-01-03T23:34:05.508512Z,price_change,0.57,BUY,5000,0.57,0.58
2026-01-03T23:34:05.596736Z,price_change,0.5900000000000001,SELL,-2015,0.57,0.58
2026-01-03T23:34:05.706149Z,price_change,0.63,SELL,1220,0.57,0.58
2026-01-03T23:34:05.724296Z,price_change,0.6,SELL,42,0.57,0.58
2026-01-03T23:34:05.779372Z,price_change,0.5900000000000001,SELL,-100,0.57,0.58
2026-01-03T23:34:05.783343Z,price_change,0.55,BUY,-100,0.57,0.58
2026-01-03T23:34:05.80977Z,price_change,0.61,SELL,100,0.57,0.58
2026-01-03T23:34:05.814915Z,price_change,0.57,BUY,100,0.57,0.58
2026-01-03T23:34:05.842242Z,price_change,0.55,BUY,-1201,0.57,0.58
2026-01-03T23:34:05.842242Z,price_change,0.56,BUY,3491,0.57,0.58
2026-01-03T23:34:05.882141Z,price_change,0.5900000000000001,SELL,-447,0.57,0.58
2026-01-03T23:34:05.883684Z,price_change,0.5900000000000001,SELL,-17,0.57,0.58
2026-01-03T23:34:05.927471Z,price_change,0.5800000000000001,SELL,-515,0.57,0.58
2026-01-03T23:34:05.929503Z,price_change,0.5900000000000001,SELL,-205,0.57,0.58
2026-01-03T23:34:06.014339Z,price_change,0.55,BUY,871,0.57,0.58
2026-01-03T23:34:06.435062Z,price_change,0.6,SELL,-1786,0.57,0.58
2026-01-03T23:34:06.468719Z,price_change,0.6,SELL,-938,0.57,0.58
2026-01-03T23:34:06.509675Z,price_change,0.6,SELL,-42,0.57,0.58
2026-01-03T23:34:06.617484Z,price_change,0.61,SELL,-2589,0.57,0.58
2026-01-03T23:34:06.766538Z,price_change,0.54,BUY,5800,0.57,0.58
2026-01-03T23:34:06.819144Z,price_change,0.6,SELL,2572,0.57,0.58
2026-01-03T23:34:07.000171Z,price_change,0.54,BUY,-5800,0.57,0.58
2026-01-03T23:34:07.405606Z,price_change,0.6,SELL,-34,0.57,0.58
2026-01-03T23:34:08.22976Z,price_change,0.52,BUY,-662,0.57,0.58
2026-01-03T23:34:08.23136Z,price_change,0.62,SELL,-677,0.57,0.58
2026-01-03T23:34:08.232922Z,price_change,0.51,BUY,-225,0.57,0.58
2026-01-03T23:34:08.243305Z,price_change,0.63,SELL,-232,0.57,0.58
2026-01-03T23:34:10.82724Z,price_change,0.57,BUY,6579,0.57,0.58
2026-01-03T23:34:10.852344Z,price_change,0.62,SELL,9868,0.57,0.58
2026-01-03T23:34:11.012474Z,price_change,0.56,BUY,-24985,0.57,0.58
2026-01-03T23:34:11.021003Z,price_change,0.54,BUY,638,0.57,0.58
2026-01-03T23:34:11.021966Z,price_change,0.63,SELL,696,0.57,0.58
2026-01-03T23:34:11.023139Z,price_change,0.53,BUY,216,0.57,0.58
2026-01-03T23:34:11.024141Z,price_change,0.65,SELL,245,0.57,0.58
2026-01-03T23:34:11.066553Z,price_change,0.57,BUY,24985,0.57,0.58
2026-01-03T23:34:11.116391Z,price_change,0.5900000000000001,SELL,-116,0.57,0.58
2026-01-03T23:34:11.19806Z,price_change,0.56,BUY,5458,0.57,0.58
2026-01-03T23:34:11.204702Z,price_change,0.55,BUY,4679,0.57,0.58
2026-01-03T23:34:11.827783Z,price_change,0.61,SELL,700,0.57,0.58
2026-01-03T23:34:11.932783Z,price_change,0.54,BUY,8000,0.57,0.58
2026-01-03T23:34:12.154842Z,price_change,0.56,BUY,-992,0.57,0.58
2026-01-03T23:34:12.458178Z,price_change,0.55,BUY,-3440,0.57,0.58
2026-01-03T23:34:12.459427Z,price_change,0.56,BUY,-1759,0.57,0.58
2026-01-03T23:34:12.466353Z,price_change,0.55,BUY,3400,0.57,0.58
2026-01-03T23:34:12.478804Z,price_change,0.55,BUY,-1239,0.57,0.58
2026-01-03T23:34:12.480003Z,price_change,0.55,BUY,-871,0.57,0.58
2026-01-03T23:34:12.481277Z,price_change,0.55,BUY,-1290,0.57,0.58
2026-01-03T23:34:13.099822Z,price_change,0.6,SELL,-2572,0.57,0.58
2026-01-03T23:34:13.186893Z,price_change,0.57,BUY,-31,0.57,0.58
2026-01-03T23:34:13.213923Z,price_change,0.6,SELL,469,0.57,0.58
2026-01-03T23:34:13.227067Z,price_change,0.57,BUY,-75000,0.57,0.58
2026-01-03T23:34:13.228544Z,price_change,0.6,SELL,-296597,0.57,0.58
2026-01-03T23:34:13.377778Z,price_change,0.5900000000000001,SELL,-207,0.57,0.58
2026-01-03T23:34:13.420479Z,price_change,0.56,BUY,75000,0.57,0.58
2026-01-03T23:34:13.424061Z,price_change,0.6,SELL,296597,0.57,0.58
2026-01-03T23:34:13.429144Z,price_change,0.56,BUY,-1613,0.57,0.58
2026-01-03T23:34:13.439656Z,price_change,0.54,BUY,-8000,0.57,0.58
2026-01-03T23:34:13.588161Z,price_change,0.56,BUY,-75000,0.57,0.58
2026-01-03T23:34:13.589596Z,price_change,0.6,SELL,-296597,0.57,0.58
2026-01-03T23:34:13.641413Z,price_change,0.5900000000000001,SELL,2515,0.57,0.58
2026-01-03T23:34:13.655513Z,price_change,0.6,SELL,201,0.57,0.58
2026-01-03T23:34:13.803155Z,price_change,0.54,BUY,-638,0.57,0.58
2026-01-03T23:34:13.80401Z,price_change,0.63,SELL,-696,0.57,0.58
2026-01-03T23:34:13.804952Z,price_change,0.53,BUY,-216,0.57,0.58
2026-01-03T23:34:13.805739Z,price_change,0.65,SELL,-245,0.57,0.58
2026-01-03T23:34:13.81223Z,price_change,0.55,BUY,-1084,0.57,0.58
2026-01-03T23:34:13.843987Z,price_change,0.53,BUY,650,0.57,0.58
2026-01-03T23:34:13.845474Z,price_change,0.62,SELL,677,0.57,0.58
2026-01-03T23:34:13.846767Z,price_change,0.52,BUY,220,0.57,0.58
2026-01-03T23:34:13.848825Z,price_change,0.64,SELL,238,0.57,0.58
2026-01-03T23:34:13.92818Z,price_change,0.5800000000000001,SELL,1983,0.57,0.58
2026-01-03T23:34:13.942201Z,price_change,0.54,BUY,7000,0.57,0.58
2026-01-03T23:34:13.998793Z,price_change,0.5900000000000001,SELL,1190,0.57,0.58
2026-01-03T23:34:14.041265Z,price_change,0.5900000000000001,SELL,1965,0.57,0.58
2026-01-03T23:34:14.091755Z,price_change,0.55,BUY,-2316,0.57,0.58
2026-01-03T23:34:14.093205Z,price_change,0.55,BUY,-67,0.57,0.58
2026-01-03T23:34:14.104216Z,price_change,0.55,BUY,700,0.57,0.58
2026-01-03T23:34:14.10945Z,price_change,0.56,BUY,-704,0.57,0.58
2026-01-03T23:34:14.119227Z,price_change,0.5900000000000001,SELL,75,0.57,0.58
2026-01-03T23:34:14.1194Z,price_change,0.56,BUY,75,0.57,0.58
2026-01-03T23:34:14.195347Z,price_change,0.5900000000000001,SELL,401,0.57,0.58
2026-01-03T23:34:14.218528Z,price_change,0.56,BUY,-1455,0.57,0.58
2026-01-03T23:34:14.29126Z,price_change,0.56,BUY,75000,0.57,0.58
2026-01-03T23:34:14.296383Z,price_change,0.5900000000000001,SELL,296597,0.57,0.58
2026-01-03T23:34:14.394081Z,price_change,0.5900000000000001,SELL,-29,0.57,0.58
2026-01-03T23:34:14.619547Z,price_change,0.5900000000000001,SELL,29,0.57,0.58
2026-01-03T23:34:14.914904Z,price_change,0.63,SELL,-1220,0.57,0.58
2026-01-03T23:34:14.981525Z,price_change,0.5900000000000001,SELL,-1190,0.57,0.58
2026-01-03T23:34:14.982872Z,price_change,0.5900000000000001,SELL,-195,0.57,0.58
2026-01-03T23:34:15.003945Z,price_change,0.6,SELL,1824,0.57,0.58
2026-01-03T23:34:15.036728Z,price_change,0.61,SELL,1786,0.57,0.58
2026-01-03T23:34:15.117414Z,price_change,0.57,BUY,-5000,0.57,0.58
2026-01-03T23:34:15.117414Z,price_change,0.56,BUY,5000,0.57,0.58
2026-01-03T23:34:15.277662Z,price_change,0.5900000000000001,SELL,-29,0.57,0.58
2026-01-03T23:34:15.278573Z,price_change,0.5900000000000001,SELL,-372,0.57,0.58
2026-01-03T23:34:15.298925Z,price_change,0.5900000000000001,SELL,-1965,0.57,0.58
2026-01-03T23:34:15.306182Z,price_change,0.61,SELL,-5000,0.57,0.58
2026-01-03T23:34:15.306182Z,price_change,0.6,SELL,5000,0.57,0.58
2026-01-03T23:34:15.34459Z,price_change,0.6,SELL,814,0.57,0.58
2026-01-03T23:34:15.414205Z,price_change,0.6,SELL,1360,0.57,0.58
2026-01-03T23:34:15.586453Z,price_change,0.57,BUY,-100,0.57,0.58
2026-01-03T23:34:15.586686Z,price_change,0.61,SELL,-100,0.57,0.58
2026-01-03T23:34:15.637017Z,price_change,0.6,SELL,1568,0.57,0.58
2026-01-03T23:34:15.638611Z,price_change,0.6,SELL,100,0.57,0.58
2026-01-03T23:34:15.64132Z,price_change,0.56,BUY,100,0.57,0.58
2026-01-03T23:34:15.868696Z,price_change,0.6,SELL,162,0.57,0.58
2026-01-03T23:34:15.973864Z,price_change,0.54,BUY,350,0.57,0.58
2026-01-03T23:34:16.425024Z,price_change,0.55,BUY,-700,0.57,0.58
2026-01-03T23:34:16.432168Z,price_change,0.61,SELL,-700,0.57,0.58
2026-01-03T23:34:16.708243Z,price_change,0.6,SELL,980,0.57,0.58
2026-01-03T23:34:16.789989Z,price_change,0.55,BUY,1528,0.57,0.58
2026-01-03T23:34:17.1044Z,price_change,0.55,BUY,17000,0.57,0.58
2026-01-03T23:34:17.905962Z,price_change,0.5900000000000001,SELL,27,0.57,0.58
