timestamp,event_type,price,side,size,best_bid,best_ask
,book,0.6700,BUY,62,0.6700,0.68
,book,0.68,SELL,22293,0.6700,0.68
2026-01-08T02:13:20.347975Z,price_change,0.66,BUY,-615,0.67,0.6800
2026-01-08T02:13:20.349198Z,price_change,0.6900,SELL,-884,0.67,0.6800
2026-01-08T02:13:20.362821Z,price_change,0.65,BUY,615,0.67,0.6800
2026-01-08T02:13:20.363984Z,price_change,0.6800,SELL,884,0.67,0.6800
2026-01-08T02:13:20.406257Z,price_change,0.7300,SELL,-50,0.67,0.6800
2026-01-08T02:13:20.408281Z,price_change,0.7200,SELL,-50,0.67,0.6800
2026-01-08T02:13:20.443012Z,price_change,0.6800,SELL,-107,0.67,0.6800
2026-01-08T02:13:20.494258Z,price_change,0.67,BUY,-62,0.65,0.6800
2026-01-08T02:13:20.495305Z,price_change,0.7400,SELL,-150,0.65,0.6800
2026-01-08T02:13:20.560312Z,price_change,0.6900,SELL,-1,0.65,0.6800
2026-01-08T02:13:20.560312Z,price_change,0.6800,SELL,1,0.65,0.6800
2026-01-08T02:13:20.566836Z,price_change,0.62,BUY,-2000,0.65,0.6800
2026-01-08T02:13:20.575065Z,price_change,0.7400,SELL,-100,0.65,0.6800
2026-01-08T02:13:20.58383Z,price_change,0.6700,SELL,7500,0.65,0.6700
2026-01-08T02:13:20.594077Z,price_change,0.6800,SELL,-1,0.65,0.6700
2026-01-08T02:13:20.597171Z,price_change,0.65,BUY,-615,0.65,0.6700
2026-01-08T02:13:20.599913Z,price_change,0.6800,SELL,-884,0.65,0.6700
2026-01-08T02:13:20.607205Z,price_change,0.16,BUY,-268,0.65,0.6700
2026-01-08T02:13:20.608214Z,price_change,0.62,BUY,-250,0.65,0.6700
2026-01-08T02:13:20.608952Z,price_change,0.64,BUY,615,0.65,0.6700
2026-01-08T02:13:20.610026Z,price_change,0.14,BUY,-396,0.65,0.6700
2026-01-08T02:13:20.611193Z,price_change,0.18,BUY,430,0.65,0.6700
2026-01-08T02:13:20.611523Z,price_change,0.6700,SELL,884,0.65,0.6700
2026-01-08T02:13:20.612509Z,price_change,0.3,BUY,301,0.65,0.6700
2026-01-08T02:13:20.624223Z,price_change,0.7000,SELL,-2174,0.65,0.6700
2026-01-08T02:13:20.624312Z,price_change,0.6900,SELL,-2174,0.65,0.6700
2026-01-08T02:13:20.624353Z,price_change,0.6800,SELL,-2174,0.65,0.6700
2026-01-08T02:13:20.649205Z,price_change,0.17,BUY,-4181,0.65,0.6700
2026-01-08T02:13:20.651709Z,price_change,0.55,BUY,250,0.65,0.6700
2026-01-08T02:13:20.660154Z,price_change,0.6700,SELL,2172,0.65,0.6700
2026-01-08T02:13:20.663691Z,price_change,0.3,BUY,-669,0.65,0.6700
2026-01-08T02:13:20.664399Z,price_change,0.6700,SELL,2172,0.65,0.6700
2026-01-08T02:13:20.665012Z,price_change,0.6700,SELL,2172,0.65,0.6700
2026-01-08T02:13:20.676686Z,price_change,0.6800,SELL,-11,0.65,0.6700
2026-01-08T02:13:20.676686Z,price_change,0.6700,SELL,11,0.65,0.6700
2026-01-08T02:13:20.68392Z,price_change,0.19,BUY,4178,0.65,0.6700
2026-01-08T02:13:20.711896Z,price_change,0.31,BUY,668,0.65,0.6700
2026-01-08T02:13:20.720199Z,price_change,0.6700,SELL,-11,0.65,0.6700
2026-01-08T02:13:20.746064Z,price_change,0.6700,SELL,-7500,0.65,0.6700
2026-01-08T02:13:20.944936Z,price_change,0.6700,SELL,-14,0.65,0.6700
1767838400,last_trade_price,0.67,BUY,14,0.65,0.6700
2026-01-08T02:13:20.956063Z,price_change,0.6700,SELL,10,0.65,0.6700
2026-01-08T02:13:20.969912Z,price_change,0.6600,SELL,7500,0.65,0.6600
2026-01-08T02:13:20.986757Z,price_change,0.6700,SELL,50,0.65,0.6600
2026-01-08T02:13:21.168255Z,price_change,0.54,BUY,-2344,0.65,0.6600
2026-01-08T02:13:21.194756Z,price_change,0.6600,SELL,-28,0.65,0.6600
1767838401,last_trade_price,0.66,BUY,28,0.65,0.6600
2026-01-08T02:13:21.203175Z,price_change,0.55,BUY,-250,0.65,0.6600
2026-01-08T02:13:21.237486Z,price_change,0.6600,SELL,-474,0.65,0.6600
1767838401,last_trade_price,0.66,BUY,474,0.65,0.6600
2026-01-08T02:13:21.23976Z,price_change,0.31,BUY,250,0.65,0.6600
2026-01-08T02:13:21.241756Z,price_change,0.59,BUY,2608,0.65,0.6600
2026-01-08T02:13:21.272787Z,price_change,0.31,BUY,-250,0.65,0.6600
2026-01-08T02:13:21.306062Z,price_change,0.6,BUY,250,0.65,0.6600
2026-01-08T02:13:21.497827Z,price_change,0.6600,SELL,-3,0.65,0.6600
1767838401,last_trade_price,0.66,BUY,3,0.65,0.6600
2026-01-08T02:13:21.584266Z,price_change,0.7700,SELL,150,0.65,0.6600
2026-01-08T02:13:22.118699Z,price_change,0.6600,SELL,-3,0.65,0.6600
1767838402,last_trade_price,0.66,BUY,3,0.65,0.6600
,book,0.4000,BUY,2172,0.4000,0.47
,book,0.47,SELL,6499,0.4000,0.47
2026-01-08T02:14:12.880014Z,price_change,0.4800,SELL,-1475,0.4,0.4700
2026-01-08T02:14:12.88929Z,price_change,0.41,BUY,12,0.41,0.4700
2026-01-08T02:14:12.89111Z,price_change,0.4800,SELL,-7500,0.41,0.4700
2026-01-08T02:14:12.897129Z,price_change,0.4600,SELL,1487,0.41,0.4600
2026-01-08T02:14:12.91154Z,price_change,0.4700,SELL,167,0.41,0.4600
2026-01-08T02:14:12.911618Z,price_change,0.31,BUY,250,0.41,0.4600
2026-01-08T02:14:12.91214Z,price_change,0.31,BUY,167,0.41,0.4600
2026-01-08T02:14:12.912706Z,price_change,0.4,BUY,-2172,0.41,0.4600
2026-01-08T02:14:12.927842Z,price_change,0.41,BUY,-12,0.39,0.4600
2026-01-08T02:14:12.936048Z,price_change,0.38,BUY,500,0.39,0.4600
2026-01-08T02:14:12.936516Z,price_change,0.4700,SELL,-2172,0.39,0.4600
2026-01-08T02:14:12.938346Z,price_change,0.4800,SELL,-2172,0.39,0.4600
2026-01-08T02:14:12.938411Z,price_change,0.4800,SELL,-2172,0.39,0.4600
2026-01-08T02:14:12.939963Z,price_change,0.4700,SELL,-2172,0.39,0.4600
2026-01-08T02:14:12.942047Z,price_change,0.39,BUY,12,0.39,0.4600
2026-01-08T02:14:12.947293Z,price_change,0.4700,SELL,-167,0.39,0.4600
2026-01-08T02:14:12.94847Z,price_change,0.4500,SELL,1,0.39,0.4500
2026-01-08T02:14:12.959995Z,price_change,0.4600,SELL,-1487,0.39,0.4500
2026-01-08T02:14:12.961108Z,price_change,0.31,BUY,2172,0.39,0.4500
2026-01-08T02:14:12.962513Z,price_change,0.3,BUY,2172,0.39,0.4500
2026-01-08T02:14:12.969952Z,price_change,0.4700,SELL,7500,0.39,0.4500
2026-01-08T02:14:12.972693Z,price_change,0.31,BUY,-167,0.39,0.4500
2026-01-08T02:14:12.972825Z,price_change,0.31,BUY,-250,0.39,0.4500
2026-01-08T02:14:12.97401Z,price_change,0.4500,SELL,1487,0.39,0.4500
2026-01-08T02:14:12.976963Z,price_change,0.4500,SELL,-1487,0.39,0.4500
2026-01-08T02:14:12.978367Z,price_change,0.44,BUY,100,0.44,0.4500
2026-01-08T02:14:12.986508Z,price_change,0.4600,SELL,1,0.44,0.4500
2026-01-08T02:14:12.990511Z,price_change,0.4500,SELL,167,0.44,0.4500
2026-01-08T02:14:12.990695Z,price_change,0.4500,SELL,1487,0.44,0.4500
2026-01-08T02:14:12.991896Z,price_change,0.39,BUY,-12,0.44,0.4500
2026-01-08T02:14:12.993108Z,price_change,0.4500,SELL,-1487,0.44,0.4500
2026-01-08T02:14:12.996493Z,price_change,0.3,BUY,-2172,0.44,0.4500
2026-01-08T02:14:12.999867Z,price_change,0.31,BUY,-2172,0.44,0.4500
2026-01-08T02:14:13.006668Z,price_change,0.41,BUY,12,0.44,0.4500
2026-01-08T02:14:13.008357Z,price_change,0.39,BUY,167,0.44,0.4500
2026-01-08T02:14:13.008848Z,price_change,0.4500,SELL,1487,0.44,0.4500
2026-01-08T02:14:13.009399Z,price_change,0.39,BUY,250,0.44,0.4500
2026-01-08T02:14:13.015592Z,price_change,0.38,BUY,-500,0.44,0.4500
2026-01-08T02:14:13.015592Z,price_change,0.32,BUY,155,0.44,0.4500
2026-01-08T02:14:13.023643Z,price_change,0.4900,SELL,-2172,0.44,0.4500
2026-01-08T02:14:13.026832Z,price_change,0.32,BUY,-155,0.44,0.4500
2026-01-08T02:14:13.026832Z,price_change,0.31,BUY,155,0.44,0.4500
2026-01-08T02:14:13.034556Z,price_change,0.5100,SELL,-100,0.44,0.4500
2026-01-08T02:14:13.046916Z,price_change,0.4500,SELL,-167,0.44,0.4500
2026-01-08T02:14:13.049014Z,price_change,0.4,BUY,2172,0.44,0.4500
2026-01-08T02:14:13.061604Z,price_change,0.39,BUY,-250,0.44,0.4500
2026-01-08T02:14:13.06348Z,price_change,0.39,BUY,-167,0.44,0.4500
2026-01-08T02:14:13.067702Z,price_change,0.4500,SELL,-1,0.44,0.4500
2026-01-08T02:14:13.071961Z,price_change,0.31,BUY,-155,0.44,0.4500
2026-01-08T02:14:13.074672Z,price_change,0.39,BUY,2172,0.44,0.4500
2026-01-08T02:14:13.075251Z,price_change,0.4600,SELL,2172,0.44,0.4500
2026-01-08T02:14:13.075756Z,price_change,0.4500,SELL,2172,0.44,0.4500
2026-01-08T02:14:13.076152Z,price_change,0.4600,SELL,2172,0.44,0.4500
2026-01-08T02:14:13.076436Z,price_change,0.4500,SELL,2172,0.44,0.4500
2026-01-08T02:14:13.077101Z,price_change,0.4500,SELL,2172,0.44,0.4500
2026-01-08T02:14:13.087748Z,price_change,0.4800,SELL,-1,0.44,0.4500
2026-01-08T02:14:13.087748Z,price_change,0.4700,SELL,1,0.44,0.4500
2026-01-08T02:14:13.097622Z,price_change,0.4500,SELL,167,0.44,0.4500
2026-01-08T02:14:13.112457Z,price_change,0.31,BUY,250,0.44,0.4500
2026-01-08T02:14:13.112824Z,price_change,0.31,BUY,167,0.44,0.4500
2026-01-08T02:14:13.121766Z,price_change,0.4,BUY,-2172,0.44,0.4500
2026-01-08T02:14:13.139123Z,price_change,0.4500,SELL,-167,0.44,0.4500
2026-01-08T02:14:13.146627Z,price_change,0.39,BUY,-2172,0.44,0.4500
2026-01-08T02:14:13.164454Z,price_change,0.35,BUY,180,0.44,0.4500
2026-01-08T02:14:13.16974Z,price_change,0.39,BUY,-35,0.44,0.4500
2026-01-08T02:14:13.173174Z,price_change,0.4700,SELL,167,0.44,0.4500
2026-01-08T02:14:13.173709Z,price_change,0.32,BUY,2172,0.44,0.4500
2026-01-08T02:14:13.176216Z,price_change,0.31,BUY,2172,0.44,0.4500
2026-01-08T02:14:13.178403Z,price_change,0.41,BUY,-12,0.44,0.4500
2026-01-08T02:14:13.185951Z,price_change,0.4600,SELL,-1,0.44,0.4500
2026-01-08T02:14:13.18715Z,price_change,0.35,BUY,-180,0.44,0.4500
2026-01-08T02:14:13.192221Z,price_change,0.4,BUY,12,0.44,0.4500
2026-01-08T02:14:13.20672Z,price_change,0.31,BUY,-2172,0.44,0.4500
2026-01-08T02:14:13.209076Z,price_change,0.32,BUY,-2172,0.44,0.4500
2026-01-08T02:14:13.210234Z,price_change,0.31,BUY,-167,0.44,0.4500
2026-01-08T02:14:13.210678Z,price_change,0.31,BUY,-250,0.44,0.4500
2026-01-08T02:14:13.250926Z,price_change,0.32,BUY,2172,0.44,0.4500
2026-01-08T02:14:13.251359Z,price_change,0.4,BUY,40,0.44,0.4500
2026-01-08T02:14:13.252188Z,price_change,0.31,BUY,2172,0.44,0.4500
2026-01-08T02:14:13.252668Z,price_change,0.31,BUY,167,0.44,0.4500
2026-01-08T02:14:13.253002Z,price_change,0.31,BUY,250,0.44,0.4500
2026-01-08T02:14:13.260343Z,price_change,0.4700,SELL,-1,0.44,0.4500
2026-01-08T02:14:13.265758Z,price_change,0.5000,SELL,1,0.44,0.4500
2026-01-08T02:14:13.28559Z,price_change,0.4900,SELL,-2,0.44,0.4500
2026-01-08T02:14:13.307099Z,price_change,0.35,BUY,500,0.44,0.4500
2026-01-08T02:14:13.32443Z,price_change,0.5000,SELL,-1,0.44,0.4500
2026-01-08T02:14:13.349919Z,price_change,0.31,BUY,-167,0.44,0.4500
2026-01-08T02:14:13.350444Z,price_change,0.31,BUY,-2172,0.44,0.4500
2026-01-08T02:14:13.351594Z,price_change,0.32,BUY,-2172,0.44,0.4500
2026-01-08T02:14:13.353815Z,price_change,0.31,BUY,-250,0.44,0.4500
2026-01-08T02:14:13.376119Z,price_change,0.35,BUY,-500,0.44,0.4500
2026-01-08T02:14:13.388911Z,price_change,0.36,BUY,2172,0.44,0.4500
2026-01-08T02:14:13.390824Z,price_change,0.37,BUY,2172,0.44,0.4500
2026-01-08T02:14:13.39092Z,price_change,0.4500,SELL,-37,0.44,0.4500
1767838453,last_trade_price,0.45,BUY,37,0.44,0.4500
2026-01-08T02:14:13.391343Z,price_change,0.36,BUY,250,0.44,0.4500
2026-01-08T02:14:13.392231Z,price_change,0.36,BUY,167,0.44,0.4500
2026-01-08T02:14:13.419455Z,price_change,0.36,BUY,-2172,0.44,0.4500
2026-01-08T02:14:13.419854Z,price_change,0.37,BUY,-2172,0.44,0.4500
2026-01-08T02:14:13.421628Z,price_change,0.36,BUY,-250,0.44,0.4500
2026-01-08T02:14:13.426285Z,price_change,0.44,BUY,8,0.44,0.4500
2026-01-08T02:14:13.429909Z,price_change,0.36,BUY,-167,0.44,0.4500
2026-01-08T02:14:13.456417Z,price_change,0.31,BUY,250,0.44,0.4500
2026-01-08T02:14:13.45823Z,price_change,0.31,BUY,2172,0.44,0.4500
2026-01-08T02:14:13.460771Z,price_change,0.31,BUY,167,0.44,0.4500
2026-01-08T02:14:13.46276Z,price_change,0.32,BUY,2172,0.44,0.4500
2026-01-08T02:14:13.480275Z,price_change,0.35,BUY,167,0.44,0.4500
2026-01-08T02:14:13.502397Z,price_change,0.4,BUY,-40,0.44,0.4500
2026-01-08T02:14:13.508946Z,price_change,0.31,BUY,-250,0.44,0.4500
2026-01-08T02:14:13.511751Z,price_change,0.31,BUY,-2172,0.44,0.4500
2026-01-08T02:14:13.512509Z,price_change,0.35,BUY,333,0.44,0.4500
2026-01-08T02:14:13.513087Z,price_change,0.32,BUY,-2172,0.44,0.4500
2026-01-08T02:14:13.515691Z,price_change,0.31,BUY,-167,0.44,0.4500
2026-01-08T02:14:13.560156Z,price_change,0.36,BUY,167,0.44,0.4500
2026-01-08T02:14:13.561111Z,price_change,0.36,BUY,250,0.44,0.4500
2026-01-08T02:14:13.561999Z,price_change,0.36,BUY,2172,0.44,0.4500
2026-01-08T02:14:13.56452Z,price_change,0.37,BUY,2172,0.44,0.4500
2026-01-08T02:14:13.580847Z,price_change,0.35,BUY,-500,0.44,0.4500
2026-01-08T02:14:13.580847Z,price_change,0.37,BUY,500,0.44,0.4500
2026-01-08T02:14:13.596438Z,price_change,0.44,BUY,-100,0.44,0.4500
2026-01-08T02:14:13.597686Z,price_change,0.5100,SELL,-15,0.44,0.4500
2026-01-08T02:14:13.617835Z,price_change,0.35,BUY,15,0.44,0.4500
2026-01-08T02:14:13.623882Z,price_change,0.44,BUY,-8,0.4,0.4500
2026-01-08T02:14:13.632791Z,price_change,0.37,BUY,-2172,0.4,0.4500
2026-01-08T02:14:13.635997Z,price_change,0.4,BUY,-12,0.38,0.4500
2026-01-08T02:14:13.636627Z,price_change,0.36,BUY,-167,0.38,0.4500
2026-01-08T02:14:13.639084Z,price_change,0.4500,SELL,-1450,0.38,0.4500
2026-01-08T02:14:13.649366Z,price_change,0.38,BUY,31,0.38,0.4500
2026-01-08T02:14:13.652088Z,price_change,0.4500,SELL,-10,0.38,0.4500
1767838453,last_trade_price,0.45,BUY,10,0.38,0.4500
2026-01-08T02:14:13.653078Z,price_change,0.4400,SELL,1469,0.38,0.4400
2026-01-08T02:14:13.654576Z,price_change,0.35,BUY,-15,0.38,0.4400
2026-01-08T02:14:13.663876Z,price_change,0.39,BUY,19,0.39,0.4400
2026-01-08T02:14:13.66499Z,price_change,0.4400,SELL,153,0.39,0.4400
2026-01-08T02:14:13.667627Z,price_change,0.36,BUY,-2172,0.39,0.4400
2026-01-08T02:14:13.66817Z,price_change,0.36,BUY,-250,0.39,0.4400
2026-01-08T02:14:13.673276Z,price_change,0.4500,SELL,1,0.39,0.4400
2026-01-08T02:14:13.6764Z,price_change,0.38,BUY,-31,0.39,0.4400
2026-01-08T02:14:13.677601Z,price_change,0.37,BUY,-500,0.39,0.4400
2026-01-08T02:14:13.680966Z,price_change,0.4500,SELL,-2172,0.39,0.4400
2026-01-08T02:14:13.681607Z,price_change,0.4600,SELL,-2172,0.39,0.4400
2026-01-08T02:14:13.683408Z,price_change,0.4500,SELL,-2172,0.39,0.4400
2026-01-08T02:14:13.683664Z,price_change,0.4500,SELL,-2162,0.39,0.4400
2026-01-08T02:14:13.686818Z,price_change,0.4600,SELL,-2172,0.39,0.4400
2026-01-08T02:14:13.689538Z,price_change,0.39,BUY,31,0.39,0.4400
2026-01-08T02:14:13.6947Z,price_change,0.4700,SELL,-167,0.39,0.4400
2026-01-08T02:14:13.705255Z,price_change,0.39,BUY,167,0.39,0.4400
2026-01-08T02:14:13.705411Z,price_change,0.38,BUY,2172,0.39,0.4400
2026-01-08T02:14:13.706561Z,price_change,0.37,BUY,2172,0.39,0.4400
2026-01-08T02:14:13.706974Z,price_change,0.38,BUY,250,0.39,0.4400
2026-01-08T02:14:13.707548Z,price_change,0.3,BUY,139,0.39,0.4400
2026-01-08T02:14:13.710001Z,price_change,0.4,BUY,2,0.4,0.4400
2026-01-08T02:14:13.729963Z,price_change,0.4700,SELL,2172,0.4,0.4400
2026-01-08T02:14:13.730263Z,price_change,0.4800,SELL,2172,0.4,0.4400
2026-01-08T02:14:13.730445Z,price_change,0.4800,SELL,2172,0.4,0.4400
2026-01-08T02:14:13.740802Z,price_change,0.38,BUY,-2172,0.4,0.4400
2026-01-08T02:14:13.741247Z,price_change,0.3,BUY,-139,0.4,0.4400
2026-01-08T02:14:13.74155Z,price_change,0.39,BUY,-167,0.4,0.4400
2026-01-08T02:14:13.741846Z,price_change,0.38,BUY,-250,0.4,0.4400
2026-01-08T02:14:13.74361Z,price_change,0.4600,SELL,167,0.4,0.4400
2026-01-08T02:14:13.74498Z,price_change,0.4700,SELL,2172,0.4,0.4400
2026-01-08T02:14:13.746515Z,price_change,0.37,BUY,-2172,0.4,0.4400
2026-01-08T02:14:13.749319Z,price_change,0.4900,SELL,2172,0.4,0.4400
2026-01-08T02:14:13.775567Z,price_change,0.3,BUY,139,0.4,0.4400
2026-01-08T02:14:13.782475Z,price_change,0.31,BUY,250,0.4,0.4400
2026-01-08T02:14:13.784267Z,price_change,0.31,BUY,2172,0.4,0.4400
2026-01-08T02:14:13.784322Z,price_change,0.31,BUY,167,0.4,0.4400
2026-01-08T02:14:13.785865Z,price_change,0.39,BUY,23,0.4,0.4400
2026-01-08T02:14:13.785934Z,price_change,0.4600,SELL,-167,0.4,0.4400
2026-01-08T02:14:13.787227Z,price_change,0.4400,SELL,5,0.4,0.4400
2026-01-08T02:14:13.800074Z,price_change,0.4400,SELL,-138,0.4,0.4400
1767838453,last_trade_price,0.44,BUY,138,0.4,0.4400
2026-01-08T02:14:13.808024Z,price_change,0.3,BUY,2172,0.4,0.4400
2026-01-08T02:14:13.817384Z,price_change,0.3,BUY,-139,0.4,0.4400
2026-01-08T02:14:13.851801Z,price_change,0.4600,SELL,93,0.4,0.4400
2026-01-08T02:14:13.860853Z,price_change,0.4700,SELL,167,0.4,0.4400
2026-01-08T02:14:13.86918Z,price_change,0.34,BUY,125,0.4,0.4400
2026-01-08T02:14:13.910322Z,price_change,0.37,BUY,29,0.4,0.4400
2026-01-08T02:14:13.911962Z,price_change,0.39,BUY,-23,0.4,0.4400
2026-01-08T02:14:13.919643Z,price_change,0.34,BUY,-125,0.4,0.4400
2026-01-08T02:14:13.927594Z,price_change,0.31,BUY,-250,0.4,0.4400
2026-01-08T02:14:13.929023Z,price_change,0.3,BUY,-2172,0.4,0.4400
2026-01-08T02:14:13.929281Z,price_change,0.31,BUY,-167,0.4,0.4400
2026-01-08T02:14:13.929331Z,price_change,0.31,BUY,-2172,0.4,0.4400
2026-01-08T02:14:13.929481Z,price_change,0.4700,SELL,-167,0.4,0.4400
2026-01-08T02:14:13.946447Z,price_change,0.4,BUY,14,0.4,0.4400
2026-01-08T02:14:13.996949Z,price_change,0.31,BUY,2172,0.4,0.4400
2026-01-08T02:14:13.997296Z,price_change,0.4600,SELL,167,0.4,0.4400
2026-01-08T02:14:14.001378Z,price_change,0.4900,SELL,-69000,0.4,0.4400
2026-01-08T02:14:14.001378Z,price_change,0.4400,SELL,-153,0.4,0.4400
2026-01-08T02:14:14.001378Z,price_change,0.39,BUY,-19,0.4,0.4400
2026-01-08T02:14:14.001378Z,price_change,0.4600,SELL,-93,0.4,0.4400
2026-01-08T02:14:14.001715Z,price_change,0.3,BUY,2172,0.4,0.4400
2026-01-08T02:14:14.001751Z,price_change,0.31,BUY,250,0.4,0.4400
2026-01-08T02:14:14.001835Z,price_change,0.31,BUY,167,0.4,0.4400
2026-01-08T02:14:14.006022Z,price_change,0.4900,SELL,-7,0.4,0.4400
2026-01-08T02:14:14.006022Z,price_change,0.4600,SELL,1,0.4,0.4400
2026-01-08T02:14:14.01227Z,price_change,0.42,BUY,19,0.42,0.4400
2026-01-08T02:14:14.028674Z,price_change,0.39,BUY,16,0.42,0.4400
2026-01-08T02:14:14.047303Z,price_change,0.3,BUY,-410,0.42,0.4400
2026-01-08T02:14:14.049969Z,price_change,0.32,BUY,295,0.42,0.4400
2026-01-08T02:14:14.052412Z,price_change,0.4800,SELL,-250,0.42,0.4400
2026-01-08T02:14:14.054035Z,price_change,0.4600,SELL,-167,0.42,0.4400
2026-01-08T02:14:14.065958Z,price_change,0.4,BUY,2,0.42,0.4400
2026-01-08T02:14:14.071114Z,price_change,0.32,BUY,208,0.42,0.4400
2026-01-08T02:14:14.10532Z,price_change,0.37,BUY,-29,0.42,0.4400
2026-01-08T02:14:14.10532Z,price_change,0.35,BUY,7,0.42,0.4400
2026-01-08T02:14:14.109507Z,price_change,0.31,BUY,-167,0.42,0.4400
2026-01-08T02:14:14.111305Z,price_change,0.3,BUY,-2172,0.42,0.4400
2026-01-08T02:14:14.111534Z,price_change,0.6900,SELL,250,0.42,0.4400
2026-01-08T02:14:14.111989Z,price_change,0.31,BUY,-250,0.42,0.4400
2026-01-08T02:14:14.112791Z,price_change,0.31,BUY,-2172,0.42,0.4400
2026-01-08T02:14:14.113462Z,price_change,0.4700,SELL,167,0.42,0.4400
2026-01-08T02:14:14.124887Z,price_change,0.36,BUY,1697,0.42,0.4400
2026-01-08T02:14:14.152731Z,price_change,0.4,BUY,-2,0.42,0.4400
2026-01-08T02:14:14.16098Z,price_change,0.32,BUY,2172,0.42,0.4400
2026-01-08T02:14:14.162748Z,price_change,0.33,BUY,2172,0.42,0.4400
2026-01-08T02:14:14.163442Z,price_change,0.33,BUY,167,0.42,0.4400
2026-01-08T02:14:14.163485Z,price_change,0.32,BUY,-208,0.42,0.4400
2026-01-08T02:14:14.166222Z,price_change,0.33,BUY,250,0.42,0.4400
2026-01-08T02:14:14.184601Z,price_change,0.4400,SELL,-4,0.42,0.4400
1767838454,last_trade_price,0.44,BUY,4,0.42,0.4400
2026-01-08T02:14:14.191819Z,price_change,0.4300,SELL,66,0.42,0.4300
2026-01-08T02:14:14.197518Z,price_change,0.9000,SELL,-4178,0.42,0.4300
2026-01-08T02:14:14.202187Z,price_change,0.4400,SELL,-1327,0.42,0.4300
2026-01-08T02:14:14.217892Z,price_change,0.4300,SELL,-66,0.42,0.4400
2026-01-08T02:14:14.217892Z,price_change,0.4400,SELL,-5,0.42,0.4500
2026-01-08T02:14:14.217892Z,price_change,0.4500,SELL,-1,0.42,0.4600
1767838454,last_trade_price,0.43,BUY,66,0.42,0.4600
1767838454,last_trade_price,0.44,BUY,5,0.42,0.4600
1767838454,last_trade_price,0.45,BUY,1,0.42,0.4600
2026-01-08T02:14:14.224371Z,price_change,0.4300,SELL,1398,0.42,0.4300
2026-01-08T02:14:14.230351Z,price_change,0.4300,SELL,-1398,0.42,0.4600
2026-01-08T02:14:14.232969Z,price_change,0.39,BUY,-31,0.42,0.4600
2026-01-08T02:14:14.243874Z,price_change,0.4600,SELL,1398,0.42,0.4600
2026-01-08T02:14:14.245728Z,price_change,0.32,BUY,-2172,0.42,0.4600
2026-01-08T02:14:14.246653Z,price_change,0.33,BUY,-167,0.42,0.4600
2026-01-08T02:14:14.247121Z,price_change,0.4,BUY,102,0.42,0.4600
2026-01-08T02:14:14.24737Z,price_change,0.33,BUY,-2172,0.42,0.4600
2026-01-08T02:14:14.249788Z,price_change,0.33,BUY,-250,0.42,0.4600
2026-01-08T02:14:14.250923Z,price_change,0.4600,SELL,-1,0.42,0.4600
2026-01-08T02:14:14.250923Z,price_change,0.4500,SELL,1,0.42,0.4500
2026-01-08T02:14:14.263812Z,price_change,0.4600,SELL,-1398,0.42,0.4500
2026-01-08T02:14:14.263832Z,price_change,0.4,BUY,-14,0.42,0.4500
2026-01-08T02:14:14.264848Z,price_change,0.4,BUY,-2,0.42,0.4500
2026-01-08T02:14:14.26964Z,price_change,0.4500,SELL,-1,0.42,0.4700
2026-01-08T02:14:14.26964Z,price_change,0.4700,SELL,-19,0.42,0.4700
1767838454,last_trade_price,0.45,BUY,1,0.42,0.4700
1767838454,last_trade_price,0.47,BUY,19,0.42,0.4700
2026-01-08T02:14:14.279716Z,price_change,0.4600,SELL,1398,0.42,0.4600
2026-01-08T02:14:14.299103Z,price_change,0.9300,SELL,4178,0.42,0.4600
2026-01-08T02:14:14.311854Z,price_change,0.4700,SELL,167,0.42,0.4600
2026-01-08T02:14:14.328067Z,price_change,0.4700,SELL,-167,0.42,0.4600
2026-01-08T02:14:14.329464Z,price_change,0.4,BUY,250,0.42,0.4600
2026-01-08T02:14:14.330516Z,price_change,0.4800,SELL,-2172,0.42,0.4600
2026-01-08T02:14:14.331067Z,price_change,0.4800,SELL,-2172,0.42,0.4600
2026-01-08T02:14:14.332475Z,price_change,0.41,BUY,2172,0.42,0.4600
2026-01-08T02:14:14.333419Z,price_change,0.41,BUY,167,0.42,0.4600
2026-01-08T02:14:14.333506Z,price_change,0.4,BUY,2172,0.42,0.4600
2026-01-08T02:14:14.334587Z,price_change,0.4700,SELL,-2172,0.42,0.4600
2026-01-08T02:14:14.353801Z,price_change,0.4900,SELL,-2172,0.42,0.4600
2026-01-08T02:14:14.357057Z,price_change,0.4700,SELL,-2172,0.42,0.4600
2026-01-08T02:14:14.37621Z,price_change,0.4500,SELL,153,0.42,0.4500
2026-01-08T02:14:14.386618Z,price_change,0.42,BUY,13,0.42,0.4500
2026-01-08T02:14:14.387125Z,price_change,0.4600,SELL,-1398,0.42,0.4500
2026-01-08T02:14:14.403153Z,price_change,0.4500,SELL,1398,0.42,0.4500
2026-01-08T02:14:14.424295Z,price_change,0.39,BUY,-16,0.42,0.4500
2026-01-08T02:14:14.469536Z,price_change,0.4600,SELL,2172,0.42,0.4500
2026-01-08T02:14:14.469987Z,price_change,0.9300,SELL,-4178,0.42,0.4500
2026-01-08T02:14:14.470076Z,price_change,0.4600,SELL,167,0.42,0.4500
2026-01-08T02:14:14.470262Z,price_change,0.4500,SELL,2172,0.42,0.4500
2026-01-08T02:14:14.470581Z,price_change,0.4500,SELL,2172,0.42,0.4500
2026-01-08T02:14:14.47164Z,price_change,0.4500,SELL,2172,0.42,0.4500
2026-01-08T02:14:14.472147Z,price_change,0.4600,SELL,2172,0.42,0.4500
2026-01-08T02:14:14.48328Z,price_change,0.4500,SELL,-1398,0.42,0.4500
2026-01-08T02:14:14.493635Z,price_change,0.4400,SELL,1398,0.42,0.4400
2026-01-08T02:14:14.528659Z,price_change,0.4500,SELL,-153,0.42,0.4400
2026-01-08T02:14:14.53314Z,price_change,0.9000,SELL,4178,0.42,0.4400
2026-01-08T02:14:14.549358Z,price_change,0.4400,SELL,-156,0.42,0.4400
1767838454,last_trade_price,0.44,BUY,156,0.42,0.4400
2026-01-08T02:14:14.556877Z,price_change,0.4600,SELL,-167,0.42,0.4400
2026-01-08T02:14:14.572102Z,price_change,0.4500,SELL,-2172,0.42,0.4400
2026-01-08T02:14:14.572318Z,price_change,0.4600,SELL,-2172,0.42,0.4400
2026-01-08T02:14:14.573538Z,price_change,0.4500,SELL,-2172,0.42,0.4400
2026-01-08T02:14:14.576085Z,price_change,0.4600,SELL,-2172,0.42,0.4400
2026-01-08T02:14:14.578046Z,price_change,0.4500,SELL,-2172,0.42,0.4400
2026-01-08T02:14:14.591149Z,price_change,0.4400,SELL,-1242,0.42,0.4700
2026-01-08T02:14:14.604264Z,price_change,0.4600,SELL,1320,0.42,0.4600
2026-01-08T02:14:14.604318Z,price_change,0.4600,SELL,167,0.42,0.4600
2026-01-08T02:14:14.62105Z,price_change,0.4800,SELL,2172,0.42,0.4600
2026-01-08T02:14:14.621503Z,price_change,0.4700,SELL,2172,0.42,0.4600
2026-01-08T02:14:14.625561Z,price_change,0.4900,SELL,2172,0.42,0.4600
2026-01-08T02:14:14.626769Z,price_change,0.4800,SELL,2172,0.42,0.4600
2026-01-08T02:14:14.627168Z,price_change,0.42,BUY,17,0.42,0.4600
2026-01-08T02:14:14.628489Z,price_change,0.4700,SELL,2172,0.42,0.4600
2026-01-08T02:14:14.664325Z,price_change,0.4700,SELL,-2172,0.42,0.4600
2026-01-08T02:14:14.665793Z,price_change,0.4800,SELL,-2172,0.42,0.4600
2026-01-08T02:14:14.666378Z,price_change,0.4900,SELL,-2172,0.42,0.4600
2026-01-08T02:14:14.668217Z,price_change,0.4800,SELL,-2172,0.42,0.4600
2026-01-08T02:14:14.690605Z,price_change,0.4700,SELL,-2172,0.42,0.4600
2026-01-08T02:14:14.751257Z,price_change,0.4600,SELL,2172,0.42,0.4600
2026-01-08T02:14:14.752127Z,price_change,0.4500,SELL,2172,0.42,0.4500
2026-01-08T02:14:14.754805Z,price_change,0.4500,SELL,2172,0.42,0.4500
2026-01-08T02:14:14.756701Z,price_change,0.4500,SELL,2172,0.42,0.4500
2026-01-08T02:14:14.764452Z,price_change,0.4600,SELL,-1320,0.42,0.4500
2026-01-08T02:14:14.770059Z,price_change,0.4600,SELL,2172,0.42,0.4500
2026-01-08T02:14:14.773779Z,price_change,0.4400,SELL,1320,0.42,0.4400
2026-01-08T02:14:14.80364Z,price_change,0.4500,SELL,1,0.42,0.4400
2026-01-08T02:14:14.812465Z,price_change,0.4600,SELL,-2172,0.42,0.4400
2026-01-08T02:14:14.812596Z,price_change,0.4600,SELL,-167,0.42,0.4400
2026-01-08T02:14:14.812886Z,price_change,0.4600,SELL,-2172,0.42,0.4400
2026-01-08T02:14:14.813239Z,price_change,0.4500,SELL,-2172,0.42,0.4400
2026-01-08T02:14:14.814909Z,price_change,0.4500,SELL,-2172,0.42,0.4400
2026-01-08T02:14:14.816022Z,price_change,0.4500,SELL,-2172,0.42,0.4400
2026-01-08T02:14:14.847315Z,price_change,0.4700,SELL,167,0.42,0.4400
2026-01-08T02:14:14.850582Z,price_change,0.4800,SELL,2172,0.42,0.4400
2026-01-08T02:14:14.85066Z,price_change,0.4800,SELL,2172,0.42,0.4400
2026-01-08T02:14:14.852044Z,price_change,0.4700,SELL,2172,0.42,0.4400
2026-01-08T02:14:14.85415Z,price_change,0.4900,SELL,2172,0.42,0.4400
2026-01-08T02:14:14.863903Z,price_change,0.42,BUY,-17,0.42,0.4400
2026-01-08T02:14:14.869726Z,price_change,0.35,BUY,71,0.42,0.4400
2026-01-08T02:14:14.875946Z,price_change,0.4700,SELL,2172,0.42,0.4400
2026-01-08T02:14:14.878962Z,price_change,0.4600,SELL,1,0.42,0.4400
2026-01-08T02:14:14.89248Z,price_change,0.4700,SELL,-167,0.42,0.4400
2026-01-08T02:14:14.927453Z,price_change,0.4700,SELL,167,0.42,0.4400
2026-01-08T02:14:15.131775Z,price_change,0.35,BUY,-78,0.42,0.4400
2026-01-08T02:14:15.131775Z,price_change,0.36,BUY,94,0.42,0.4400
2026-01-08T02:14:15.166212Z,price_change,0.36,BUY,-1697,0.42,0.4400
2026-01-08T02:14:15.234022Z,price_change,0.31,BUY,1577,0.42,0.4400
2026-01-08T02:14:15.285324Z,price_change,0.4400,SELL,-10,0.42,0.4400
1767838455,last_trade_price,0.44,BUY,10,0.42,0.4400
2026-01-08T02:14:15.286066Z,price_change,0.4500,SELL,-1,0.42,0.4400
2026-01-08T02:14:15.286066Z,price_change,0.4600,SELL,1,0.42,0.4400
2026-01-08T02:14:15.307587Z,price_change,0.36,BUY,-94,0.42,0.4400
2026-01-08T02:14:15.398328Z,price_change,0.4600,SELL,-1,0.42,0.4400
2026-01-08T02:14:15.398328Z,price_change,0.4400,SELL,1,0.42,0.4400
2026-01-08T02:14:15.457718Z,price_change,0.38,BUY,3,0.42,0.4400
2026-01-08T02:14:15.545326Z,price_change,0.42,BUY,-13,0.42,0.4400
2026-01-08T02:14:15.569648Z,price_change,0.38,BUY,-3,0.42,0.4400
2026-01-08T02:14:15.569648Z,price_change,0.36,BUY,94,0.42,0.4400
2026-01-08T02:14:15.785072Z,price_change,0.4400,SELL,-4,0.42,0.4400
1767838455,last_trade_price,0.44,BUY,4,0.42,0.4400
2026-01-08T02:14:15.812775Z,price_change,0.4700,SELL,-7500,0.42,0.4400
2026-01-08T02:14:15.847246Z,price_change,0.4400,SELL,7500,0.42,0.4400
2026-01-08T02:14:15.85667Z,price_change,0.4900,SELL,-2172,0.42,0.4400
2026-01-08T02:14:15.858183Z,price_change,0.4800,SELL,-2172,0.42,0.4400
2026-01-08T02:14:15.858442Z,price_change,0.4700,SELL,-167,0.42,0.4400
2026-01-08T02:14:15.858712Z,price_change,0.4700,SELL,-2136,0.42,0.4400
2026-01-08T02:14:15.859521Z,price_change,0.4400,SELL,-1306,0.42,0.4400
2026-01-08T02:14:15.860016Z,price_change,0.4700,SELL,-167,0.42,0.4400
2026-01-08T02:14:15.860999Z,price_change,0.4700,SELL,-2172,0.42,0.4400
2026-01-08T02:14:15.875231Z,price_change,0.4300,SELL,1286,0.42,0.4300
2026-01-08T02:14:15.884597Z,price_change,0.4,BUY,-102,0.42,0.4300
2026-01-08T02:14:15.893233Z,price_change,0.4700,SELL,-2172,0.42,0.4300
2026-01-08T02:14:15.89327Z,price_change,0.4800,SELL,-2172,0.42,0.4300
2026-01-08T02:14:15.893598Z,price_change,0.39,BUY,214,0.42,0.4300
2026-01-08T02:14:15.924579Z,price_change,0.41,BUY,-2172,0.42,0.4300
2026-01-08T02:14:15.924868Z,price_change,0.41,BUY,-167,0.42,0.4300
2026-01-08T02:14:15.925193Z,price_change,0.4,BUY,-250,0.42,0.4300
2026-01-08T02:14:15.928768Z,price_change,0.4,BUY,-2172,0.42,0.4300
2026-01-08T02:14:15.932605Z,price_change,0.6800,SELL,2172,0.42,0.4300
2026-01-08T02:14:15.932677Z,price_change,0.6900,SELL,2172,0.42,0.4300
2026-01-08T02:14:15.93327Z,price_change,0.7000,SELL,2172,0.42,0.4300
2026-01-08T02:14:15.936621Z,price_change,0.7100,SELL,167,0.42,0.4300
2026-01-08T02:14:15.937084Z,price_change,0.6800,SELL,2172,0.42,0.4300
2026-01-08T02:14:15.937204Z,price_change,0.6800,SELL,2172,0.42,0.4300
2026-01-08T02:14:15.943363Z,price_change,0.6900,SELL,167,0.42,0.4300
2026-01-08T02:14:15.944197Z,price_change,0.6900,SELL,2172,0.42,0.4300
2026-01-08T02:14:15.947762Z,price_change,0.42,BUY,13,0.42,0.4300
2026-01-08T02:14:15.950472Z,price_change,0.35,BUY,229,0.42,0.4300
2026-01-08T02:14:15.951604Z,price_change,0.8900,SELL,-101,0.42,0.4300
2026-01-08T02:14:15.954127Z,price_change,0.8200,SELL,117,0.42,0.4300
2026-01-08T02:14:15.973541Z,price_change,0.4,BUY,250,0.42,0.4300
2026-01-08T02:14:15.974048Z,price_change,0.4,BUY,2172,0.42,0.4300
2026-01-08T02:14:15.97415Z,price_change,0.4,BUY,167,0.42,0.4300
2026-01-08T02:14:15.974643Z,price_change,0.39,BUY,2172,0.42,0.4300
2026-01-08T02:14:15.987531Z,price_change,0.35,BUY,-229,0.42,0.4300
2026-01-08T02:14:15.987531Z,price_change,0.36,BUY,500,0.42,0.4300
2026-01-08T02:14:16.004349Z,price_change,0.36,BUY,-500,0.42,0.4300
2026-01-08T02:14:16.027137Z,price_change,0.42,BUY,-13,0.42,0.4300
2026-01-08T02:14:16.047261Z,price_change,0.4600,SELL,-1,0.42,0.4300
2026-01-08T02:14:16.047261Z,price_change,0.4400,SELL,4,0.42,0.4300
2026-01-08T02:14:16.047585Z,price_change,0.4400,SELL,-7500,0.42,0.4300
2026-01-08T02:14:16.116676Z,price_change,0.4400,SELL,-1,0.42,0.4300
2026-01-08T02:14:16.116676Z,price_change,0.6700,SELL,1,0.42,0.4300
2026-01-08T02:14:16.183057Z,price_change,0.6700,SELL,-1,0.42,0.4300
2026-01-08T02:14:16.183057Z,price_change,0.4300,SELL,1,0.42,0.4300
2026-01-08T02:14:16.189553Z,price_change,0.36,BUY,-94,0.42,0.4300
2026-01-08T02:14:16.189553Z,price_change,0.35,BUY,7,0.42,0.4300
2026-01-08T02:14:16.209433Z,price_change,0.4300,SELL,-240,0.42,0.4300
1767838456,last_trade_price,0.43,BUY,240,0.42,0.4300
2026-01-08T02:14:16.233479Z,price_change,0.35,BUY,87,0.42,0.4300
2026-01-08T02:14:16.261854Z,price_change,0.6500,SELL,7500,0.42,0.4300
2026-01-08T02:14:16.276131Z,price_change,0.4,BUY,13,0.42,0.4300
2026-01-08T02:14:16.292121Z,price_change,0.6900,SELL,-250,0.42,0.4300
2026-01-08T02:14:16.294892Z,price_change,0.6800,SELL,-2172,0.42,0.4300
2026-01-08T02:14:16.294954Z,price_change,0.6900,SELL,-2172,0.42,0.4300
2026-01-08T02:14:16.294983Z,price_change,0.7000,SELL,-2172,0.42,0.4300
2026-01-08T02:14:16.29614Z,price_change,0.6800,SELL,-2172,0.42,0.4300
2026-01-08T02:14:16.296292Z,price_change,0.7100,SELL,-167,0.42,0.4300
2026-01-08T02:14:16.297078Z,price_change,0.6900,SELL,-167,0.42,0.4300
2026-01-08T02:14:16.300845Z,price_change,0.6800,SELL,-2172,0.42,0.4300
2026-01-08T02:14:16.301995Z,price_change,0.6900,SELL,-2172,0.42,0.4300
2026-01-08T02:14:16.320144Z,price_change,0.4400,SELL,-4,0.42,0.4300
2026-01-08T02:14:16.320144Z,price_change,0.6700,SELL,4,0.42,0.4300
2026-01-08T02:14:16.332785Z,price_change,0.4300,SELL,-1046,0.42,0.4300
2026-01-08T02:14:16.343855Z,price_change,0.4900,SELL,1145,0.42,0.4300
2026-01-08T02:14:16.344532Z,price_change,0.4900,SELL,500,0.42,0.4300
2026-01-08T02:14:16.346543Z,price_change,0.4900,SELL,-1145,0.42,0.4300
2026-01-08T02:14:16.348337Z,price_change,0.6300,SELL,2172,0.42,0.4300
2026-01-08T02:14:16.350128Z,price_change,0.6400,SELL,167,0.42,0.4300
2026-01-08T02:14:16.351081Z,price_change,0.6300,SELL,2172,0.42,0.4300
2026-01-08T02:14:16.351886Z,price_change,0.6400,SELL,2172,0.42,0.4300
2026-01-08T02:14:16.352292Z,price_change,0.6300,SELL,2172,0.42,0.4300
2026-01-08T02:14:16.353522Z,price_change,0.6400,SELL,167,0.42,0.4300
2026-01-08T02:14:16.353715Z,price_change,0.6500,SELL,2172,0.42,0.4300
2026-01-08T02:14:16.354245Z,price_change,0.6400,SELL,2172,0.42,0.4300
2026-01-08T02:14:16.354661Z,price_change,0.6400,SELL,250,0.42,0.4300
2026-01-08T02:14:16.362527Z,price_change,0.4800,SELL,1145,0.42,0.4300
2026-01-08T02:14:16.363917Z,price_change,0.4800,SELL,-1145,0.42,0.4300
2026-01-08T02:14:16.365716Z,price_change,0.42,BUY,-19,0.4,0.4300
2026-01-08T02:14:16.374023Z,price_change,0.4900,SELL,88,0.4,0.4300
2026-01-08T02:14:16.374098Z,price_change,0.4800,SELL,1145,0.4,0.4300
2026-01-08T02:14:16.377237Z,price_change,0.4800,SELL,-1145,0.4,0.4300
2026-01-08T02:14:16.389518Z,price_change,0.4800,SELL,1145,0.4,0.4300
2026-01-08T02:14:16.39846Z,price_change,0.4900,SELL,-500,0.4,0.4300
2026-01-08T02:14:16.39846Z,price_change,0.4800,SELL,500,0.4,0.4300
2026-01-08T02:14:16.398483Z,price_change,0.6500,SELL,-2172,0.4,0.4300
2026-01-08T02:14:16.399129Z,price_change,0.6400,SELL,-2172,0.4,0.4300
2026-01-08T02:14:16.399336Z,price_change,0.6300,SELL,-2172,0.4,0.4300
2026-01-08T02:14:16.399621Z,price_change,0.6400,SELL,-250,0.4,0.4300
2026-01-08T02:14:16.399971Z,price_change,0.6400,SELL,-167,0.4,0.4300
2026-01-08T02:14:16.399997Z,price_change,0.6300,SELL,-2172,0.4,0.4300
2026-01-08T02:14:16.402637Z,price_change,0.4800,SELL,-1145,0.4,0.4300
2026-01-08T02:14:16.402995Z,price_change,0.6300,SELL,-2172,0.4,0.4300
2026-01-08T02:14:16.409477Z,price_change,0.4800,SELL,-500,0.4,0.4300
2026-01-08T02:14:16.409477Z,price_change,0.4700,SELL,500,0.4,0.4300
2026-01-08T02:14:16.409714Z,price_change,0.4300,SELL,-1,0.4,0.4700
2026-01-08T02:14:16.409714Z,price_change,0.6400,SELL,1,0.4,0.4700
2026-01-08T02:14:16.413917Z,price_change,0.4700,SELL,1145,0.4,0.4700
2026-01-08T02:14:16.41695Z,price_change,0.4700,SELL,-1145,0.4,0.4700
2026-01-08T02:14:16.4192Z,price_change,0.6400,SELL,-2172,0.4,0.4700
2026-01-08T02:14:16.421388Z,price_change,0.39,BUY,-214,0.4,0.4700
2026-01-08T02:14:16.423431Z,price_change,0.4700,SELL,-500,0.4,0.4900
2026-01-08T02:14:16.423431Z,price_change,0.4800,SELL,500,0.4,0.4800
2026-01-08T02:14:16.429297Z,price_change,0.4800,SELL,1145,0.4,0.4800
2026-01-08T02:14:16.430401Z,price_change,0.4800,SELL,-1145,0.4,0.4800
2026-01-08T02:14:16.435901Z,price_change,0.6500,SELL,-7500,0.4,0.4800
2026-01-08T02:14:16.437595Z,price_change,0.4,BUY,355,0.4,0.4800
2026-01-08T02:14:16.442503Z,price_change,0.41,BUY,20,0.41,0.4800
2026-01-08T02:14:16.443686Z,price_change,0.4800,SELL,1145,0.41,0.4800
2026-01-08T02:14:16.446325Z,price_change,0.4,BUY,-355,0.41,0.4800
2026-01-08T02:14:16.450361Z,price_change,0.4700,SELL,377,0.41,0.4700
2026-01-08T02:14:16.451755Z,price_change,0.4800,SELL,-500,0.41,0.4700
2026-01-08T02:14:16.451755Z,price_change,0.6300,SELL,500,0.41,0.4700
2026-01-08T02:14:16.456036Z,price_change,0.41,BUY,355,0.41,0.4700
2026-01-08T02:14:16.460895Z,price_change,0.39,BUY,-2172,0.41,0.4700
2026-01-08T02:14:16.461231Z,price_change,0.4700,SELL,2172,0.41,0.4700
2026-01-08T02:14:16.462241Z,price_change,0.4800,SELL,2172,0.41,0.4700
2026-01-08T02:14:16.462289Z,price_change,0.4700,SELL,2172,0.41,0.4700
2026-01-08T02:14:16.46275Z,price_change,0.4,BUY,-2172,0.41,0.4700
2026-01-08T02:14:16.462954Z,price_change,0.4800,SELL,2172,0.41,0.4700
2026-01-08T02:14:16.463257Z,price_change,0.4,BUY,-167,0.41,0.4700
2026-01-08T02:14:16.46329Z,price_change,0.4,BUY,-250,0.41,0.4700
2026-01-08T02:14:16.463426Z,price_change,0.4900,SELL,2172,0.41,0.4700
2026-01-08T02:14:16.463491Z,price_change,0.4800,SELL,-1145,0.41,0.4700
2026-01-08T02:14:16.463856Z,price_change,0.4800,SELL,250,0.41,0.4700
2026-01-08T02:14:16.465292Z,price_change,0.4700,SELL,2172,0.41,0.4700
2026-01-08T02:14:16.465719Z,price_change,0.31,BUY,-1577,0.41,0.4700
2026-01-08T02:14:16.465906Z,price_change,0.6300,SELL,-500,0.41,0.4700
2026-01-08T02:14:16.465906Z,price_change,0.4700,SELL,500,0.41,0.4700
2026-01-08T02:14:16.466367Z,price_change,0.4700,SELL,167,0.41,0.4700
2026-01-08T02:14:16.46689Z,price_change,0.35,BUY,-94,0.41,0.4700
2026-01-08T02:14:16.46689Z,price_change,0.36,BUY,94,0.41,0.4700
2026-01-08T02:14:16.467071Z,price_change,0.4700,SELL,-377,0.41,0.4700
2026-01-08T02:14:16.475632Z,price_change,0.6400,SELL,-167,0.41,0.4700
2026-01-08T02:14:16.477064Z,price_change,0.4700,SELL,1145,0.41,0.4700
2026-01-08T02:14:16.477805Z,price_change,0.4700,SELL,-500,0.41,0.4700
2026-01-08T02:14:16.47822Z,price_change,0.4700,SELL,-1145,0.41,0.4700
2026-01-08T02:14:16.488325Z,price_change,0.39,BUY,360,0.41,0.4700
2026-01-08T02:14:16.489513Z,price_change,0.4600,SELL,1145,0.41,0.4600
2026-01-08T02:14:16.494285Z,price_change,0.6400,SELL,-1,0.41,0.4600
2026-01-08T02:14:16.494285Z,price_change,0.4700,SELL,1,0.41,0.4600
2026-01-08T02:14:16.495304Z,price_change,0.41,BUY,2172,0.41,0.4600
2026-01-08T02:14:16.495546Z,price_change,0.4900,SELL,-2172,0.41,0.4600
2026-01-08T02:14:16.498553Z,price_change,0.4700,SELL,-2172,0.41,0.4600
2026-01-08T02:14:16.499682Z,price_change,0.42,BUY,167,0.42,0.4600
2026-01-08T02:14:16.49974Z,price_change,0.4700,SELL,-167,0.42,0.4600
2026-01-08T02:14:16.500367Z,price_change,0.33,BUY,250,0.42,0.4600
2026-01-08T02:14:16.501594Z,price_change,0.4800,SELL,-2172,0.42,0.4600
2026-01-08T02:14:16.504481Z,price_change,0.4,BUY,-13,0.42,0.4600
2026-01-08T02:14:16.508907Z,price_change,0.41,BUY,-355,0.42,0.4600
2026-01-08T02:14:16.510516Z,price_change,0.7100,SELL,167,0.42,0.4600
2026-01-08T02:14:16.512649Z,price_change,0.4800,SELL,-250,0.42,0.4600
2026-01-08T02:14:16.515609Z,price_change,0.39,BUY,-360,0.42,0.4600
2026-01-08T02:14:16.518222Z,price_change,0.42,BUY,2172,0.42,0.4600
2026-01-08T02:14:16.519272Z,price_change,0.42,BUY,355,0.42,0.4600
2026-01-08T02:14:16.523296Z,price_change,0.4900,SELL,-88,0.42,0.4600
2026-01-08T02:14:16.533609Z,price_change,0.42,BUY,-355,0.42,0.4600
2026-01-08T02:14:16.543046Z,price_change,0.38,BUY,1782,0.42,0.4600
2026-01-08T02:14:16.543881Z,price_change,0.43,BUY,355,0.43,0.4600
2026-01-08T02:14:16.546622Z,price_change,0.4800,SELL,-2172,0.43,0.4600
2026-01-08T02:14:16.547068Z,price_change,0.4700,SELL,-2172,0.43,0.4600
2026-01-08T02:14:16.548763Z,price_change,0.42,BUY,-167,0.43,0.4600
2026-01-08T02:14:16.55153Z,price_change,0.4600,SELL,167,0.43,0.4600
2026-01-08T02:14:16.556202Z,price_change,0.41,BUY,-2172,0.43,0.4600
2026-01-08T02:14:16.558475Z,price_change,0.6900,SELL,250,0.43,0.4600
2026-01-08T02:14:16.571092Z,price_change,0.33,BUY,-250,0.43,0.4600
2026-01-08T02:14:16.572921Z,price_change,0.4500,SELL,150,0.43,0.4500
2026-01-08T02:14:16.575806Z,price_change,0.41,BUY,150,0.43,0.4500
2026-01-08T02:14:16.585655Z,price_change,0.4600,SELL,7500,0.43,0.4500
2026-01-08T02:14:16.585924Z,price_change,0.4600,SELL,133,0.43,0.4500
2026-01-08T02:14:16.596163Z,price_change,0.43,BUY,2172,0.43,0.4500
2026-01-08T02:14:16.604309Z,price_change,0.4500,SELL,2172,0.43,0.4500
2026-01-08T02:14:16.606372Z,price_change,0.4600,SELL,2172,0.43,0.4500
2026-01-08T02:14:16.606416Z,price_change,0.4500,SELL,2172,0.43,0.4500
2026-01-08T02:14:16.606544Z,price_change,0.39,BUY,250,0.43,0.4500
2026-01-08T02:14:16.606752Z,price_change,0.43,BUY,-355,0.43,0.4500
2026-01-08T02:14:16.606886Z,price_change,0.4600,SELL,2172,0.43,0.4500
2026-01-08T02:14:16.607093Z,price_change,0.4500,SELL,2172,0.43,0.4500
2026-01-08T02:14:16.607526Z,price_change,0.39,BUY,167,0.43,0.4500
2026-01-08T02:14:16.608069Z,price_change,0.4600,SELL,-1145,0.43,0.4500
2026-01-08T02:14:16.616303Z,price_change,0.9000,SELL,-4178,0.43,0.4500
2026-01-08T02:14:16.621813Z,price_change,0.42,BUY,355,0.43,0.4500
2026-01-08T02:14:16.622808Z,price_change,0.36,BUY,-94,0.43,0.4500
2026-01-08T02:14:16.622808Z,price_change,0.4,BUY,3,0.43,0.4500
2026-01-08T02:14:16.622888Z,price_change,0.4500,SELL,1145,0.43,0.4500
2026-01-08T02:14:16.626011Z,price_change,0.42,BUY,13,0.43,0.4500
2026-01-08T02:14:16.631277Z,price_change,0.6700,SELL,-4,0.43,0.4500
2026-01-08T02:14:16.631277Z,price_change,0.4800,SELL,4,0.43,0.4500
2026-01-08T02:14:16.645842Z,price_change,0.4700,SELL,-1,0.43,0.4500
2026-01-08T02:14:16.645842Z,price_change,0.4500,SELL,1,0.43,0.4500
2026-01-08T02:14:16.646829Z,price_change,0.39,BUY,-167,0.43,0.4500
2026-01-08T02:14:16.647575Z,price_change,0.43,BUY,-2172,0.42,0.4500
2026-01-08T02:14:16.664586Z,price_change,0.9300,SELL,4178,0.42,0.4500
2026-01-08T02:14:16.679052Z,price_change,0.42,BUY,167,0.42,0.4500
2026-01-08T02:14:16.682397Z,price_change,0.43,BUY,2172,0.43,0.4500
2026-01-08T02:14:16.696041Z,price_change,0.4600,SELL,-7500,0.43,0.4500
2026-01-08T02:14:16.721595Z,price_change,0.42,BUY,-355,0.43,0.4500
2026-01-08T02:14:16.722823Z,price_change,0.4500,SELL,-1145,0.43,0.4500
2026-01-08T02:14:16.734804Z,price_change,0.41,BUY,355,0.43,0.4500
2026-01-08T02:14:16.737846Z,price_change,0.4400,SELL,1145,0.43,0.4400
2026-01-08T02:14:16.747561Z,price_change,0.42,BUY,-13,0.43,0.4400
2026-01-08T02:14:16.784139Z,price_change,0.43,BUY,-2172,0.42,0.4400
2026-01-08T02:14:16.797462Z,price_change,0.41,BUY,-355,0.42,0.4400
2026-01-08T02:14:16.808995Z,price_change,0.4,BUY,355,0.42,0.4400
2026-01-08T02:14:16.829988Z,price_change,0.41,BUY,2172,0.42,0.4400
2026-01-08T02:14:16.848421Z,price_change,0.39,BUY,-250,0.42,0.4400
2026-01-08T02:14:16.889539Z,price_change,0.4,BUY,250,0.42,0.4400
2026-01-08T02:14:16.908414Z,price_change,0.4400,SELL,7500,0.42,0.4400
2026-01-08T02:14:16.921355Z,price_change,0.9300,SELL,-4178,0.42,0.4400
2026-01-08T02:14:16.923979Z,price_change,0.4400,SELL,-1145,0.42,0.4400
2026-01-08T02:14:16.934Z,price_change,0.4300,SELL,1145,0.42,0.4300
2026-01-08T02:14:16.957542Z,price_change,0.4500,SELL,-1,0.42,0.4300
2026-01-08T02:14:16.957542Z,price_change,0.4400,SELL,1,0.42,0.4300
2026-01-08T02:14:16.959817Z,price_change,0.9000,SELL,4178,0.42,0.4300
2026-01-08T02:14:17.000109Z,price_change,0.4600,SELL,-133,0.42,0.4300
2026-01-08T02:14:17.048835Z,price_change,0.4600,SELL,-167,0.42,0.4300
2026-01-08T02:14:17.065886Z,price_change,0.4300,SELL,-23,0.42,0.4300
1767838457,last_trade_price,0.43,BUY,23,0.42,0.4300
2026-01-08T02:14:17.091558Z,price_change,0.6900,SELL,167,0.42,0.4300
2026-01-08T02:14:17.175283Z,price_change,0.38,BUY,-1782,0.42,0.4300
2026-01-08T02:14:17.216287Z,price_change,0.4,BUY,-3,0.42,0.4300
2026-01-08T02:14:17.216287Z,price_change,0.38,BUY,94,0.42,0.4300
2026-01-08T02:14:17.293927Z,price_change,0.4300,SELL,-5,0.42,0.4300
1767838457,last_trade_price,0.43,BUY,5,0.42,0.4300
2026-01-08T02:14:17.326577Z,price_change,0.4800,SELL,-4,0.42,0.4300
2026-01-08T02:14:17.326577Z,price_change,0.4500,SELL,4,0.42,0.4300
2026-01-08T02:14:17.356543Z,price_change,0.4300,SELL,-22,0.42,0.4300
1767838457,last_trade_price,0.43,BUY,22,0.42,0.4300
2026-01-08T02:14:17.445887Z,price_change,0.4300,SELL,-5,0.42,0.4300
1767838457,last_trade_price,0.43,BUY,5,0.42,0.4300
2026-01-08T02:14:17.458594Z,price_change,0.4500,SELL,-4,0.42,0.4300
2026-01-08T02:14:17.458594Z,price_change,0.4400,SELL,4,0.42,0.4300
2026-01-08T02:14:17.555097Z,price_change,0.4300,SELL,-1,0.42,0.4300
1767838457,last_trade_price,0.43,BUY,1,0.42,0.4300
2026-01-08T02:14:17.561851Z,price_change,0.4300,SELL,-100,0.42,0.4300
1767838457,last_trade_price,0.43,BUY,100,0.42,0.4300
2026-01-08T02:14:17.637672Z,price_change,0.38,BUY,-94,0.42,0.4300
2026-01-08T02:14:17.637672Z,price_change,0.37,BUY,94,0.42,0.4300
2026-01-08T02:14:17.717967Z,price_change,0.4300,SELL,-30,0.42,0.4300
1767838457,last_trade_price,0.43,BUY,30,0.42,0.4300
2026-01-08T02:14:17.720102Z,price_change,0.42,BUY,-167,0.42,0.4300
2026-01-08T02:14:17.880844Z,price_change,0.4300,SELL,-102,0.42,0.4300
1767838457,last_trade_price,0.43,BUY,102,0.42,0.4300
2026-01-08T02:14:17.948662Z,price_change,0.42,BUY,13,0.42,0.4300
2026-01-08T02:14:18.060498Z,price_change,0.6600,SELL,691,0.42,0.4300
2026-01-08T02:14:18.064124Z,price_change,0.35,BUY,691,0.42,0.4300
2026-01-08T02:14:18.069477Z,price_change,0.4300,SELL,-6,0.42,0.4300
1767838458,last_trade_price,0.43,BUY,6,0.42,0.4300
2026-01-08T02:14:18.103624Z,price_change,0.6900,SELL,-167,0.42,0.4300
2026-01-08T02:14:18.12323Z,price_change,0.6900,SELL,-250,0.42,0.4300
2026-01-08T02:14:18.17095Z,price_change,0.6500,SELL,167,0.42,0.4300
2026-01-08T02:14:18.176465Z,price_change,0.6500,SELL,250,0.42,0.4300
2026-01-08T02:14:18.314516Z,price_change,0.4300,SELL,-4,0.42,0.4300
1767838458,last_trade_price,0.43,BUY,4,0.42,0.4300
2026-01-08T02:14:18.533156Z,price_change,0.4300,SELL,-11,0.42,0.4300
1767838458,last_trade_price,0.43,BUY,11,0.42,0.4300
2026-01-08T02:14:18.931947Z,price_change,0.4,BUY,-355,0.42,0.4300
2026-01-08T02:14:18.933163Z,price_change,0.4300,SELL,-836,0.42,0.4400
2026-01-08T02:14:18.953459Z,price_change,0.41,BUY,636,0.42,0.4400
2026-01-08T02:14:18.95473Z,price_change,0.4400,SELL,863,0.42,0.4400
2026-01-08T02:14:18.975155Z,price_change,0.4,BUY,-250,0.42,0.4400
2026-01-08T02:14:19.008369Z,price_change,0.36,BUY,250,0.42,0.4400
2026-01-08T02:14:19.179379Z,price_change,0.39,BUY,690,0.42,0.4400
2026-01-08T02:14:19.180768Z,price_change,0.5200,SELL,690,0.42,0.4400
2026-01-08T02:14:19.215849Z,price_change,0.36,BUY,-250,0.42,0.4400
2026-01-08T02:14:19.226985Z,price_change,0.6500,SELL,-250,0.42,0.4400
2026-01-08T02:14:19.228444Z,price_change,0.6500,SELL,-167,0.42,0.4400
2026-01-08T02:14:19.259151Z,price_change,0.4500,SELL,-150,0.42,0.4400
2026-01-08T02:14:19.259151Z,price_change,0.41,BUY,-150,0.42,0.4400
2026-01-08T02:14:19.259755Z,price_change,0.5100,SELL,167,0.42,0.4400
2026-01-08T02:14:19.260819Z,price_change,0.5100,SELL,250,0.42,0.4400
2026-01-08T02:14:19.274961Z,price_change,0.4,BUY,250,0.42,0.4400
2026-01-08T02:14:19.297832Z,price_change,0.4500,SELL,-2172,0.42,0.4400
2026-01-08T02:14:19.300591Z,price_change,0.4500,SELL,-2172,0.42,0.4400
2026-01-08T02:14:19.301399Z,price_change,0.4500,SELL,-2172,0.42,0.4400
2026-01-08T02:14:19.302132Z,price_change,0.4600,SELL,-2172,0.42,0.4400
2026-01-08T02:14:19.306447Z,price_change,0.4600,SELL,-2172,0.42,0.4400
2026-01-08T02:14:19.312914Z,price_change,0.4700,SELL,-2172,0.42,0.4400
2026-01-08T02:14:19.335759Z,price_change,0.4900,SELL,500,0.42,0.4400
2026-01-08T02:14:19.35072Z,price_change,0.5100,SELL,2172,0.42,0.4400
2026-01-08T02:14:19.35146Z,price_change,0.5000,SELL,2172,0.42,0.4400
2026-01-08T02:14:19.352209Z,price_change,0.5000,SELL,2172,0.42,0.4400
2026-01-08T02:14:19.352358Z,price_change,0.5100,SELL,2172,0.42,0.4400
2026-01-08T02:14:19.352387Z,price_change,0.5200,SELL,2172,0.42,0.4400
2026-01-08T02:14:19.353083Z,price_change,0.5000,SELL,2172,0.42,0.4400
2026-01-08T02:14:19.365116Z,price_change,0.4400,SELL,-7500,0.42,0.4400
2026-01-08T02:14:19.371601Z,price_change,0.5100,SELL,-250,0.42,0.4400
2026-01-08T02:14:19.371767Z,price_change,0.5100,SELL,-167,0.42,0.4400
2026-01-08T02:14:19.38109Z,price_change,0.5200,SELL,-2172,0.42,0.4400
2026-01-08T02:14:19.38109Z,price_change,0.5000,SELL,-2172,0.42,0.4400
2026-01-08T02:14:19.381433Z,price_change,0.5000,SELL,-2172,0.42,0.4400
2026-01-08T02:14:19.381769Z,price_change,0.43,BUY,750,0.43,0.4400
2026-01-08T02:14:19.382201Z,price_change,0.5100,SELL,-2172,0.43,0.4400
2026-01-08T02:14:19.382235Z,price_change,0.5100,SELL,-2172,0.43,0.4400
2026-01-08T02:14:19.382378Z,price_change,0.5000,SELL,-2172,0.43,0.4400
2026-01-08T02:14:19.387607Z,price_change,0.41,BUY,-636,0.43,0.4400
2026-01-08T02:14:19.388946Z,price_change,0.4400,SELL,-863,0.43,0.4400
2026-01-08T02:14:19.392923Z,price_change,0.4800,SELL,7500,0.43,0.4400
2026-01-08T02:14:19.395775Z,price_change,0.9000,SELL,-4178,0.43,0.4400
2026-01-08T02:14:19.398746Z,price_change,0.42,BUY,636,0.43,0.4400
2026-01-08T02:14:19.400003Z,price_change,0.4500,SELL,863,0.43,0.4400
2026-01-08T02:14:19.401055Z,price_change,0.4900,SELL,-500,0.43,0.4400
2026-01-08T02:14:19.402747Z,price_change,0.4,BUY,-250,0.43,0.4400
2026-01-08T02:14:19.416398Z,price_change,0.4900,SELL,250,0.43,0.4400
2026-01-08T02:14:19.421563Z,price_change,0.4800,SELL,167,0.43,0.4400
2026-01-08T02:14:19.423509Z,price_change,0.41,BUY,-2172,0.43,0.4400
2026-01-08T02:14:19.424389Z,price_change,0.4900,SELL,2172,0.43,0.4400
2026-01-08T02:14:19.42789Z,price_change,0.4800,SELL,2172,0.43,0.4400
2026-01-08T02:14:19.428035Z,price_change,0.4800,SELL,2172,0.43,0.4400
2026-01-08T02:14:19.428048Z,price_change,0.4800,SELL,2172,0.43,0.4400
2026-01-08T02:14:19.42807Z,price_change,0.5000,SELL,2172,0.43,0.4400
2026-01-08T02:14:19.43461Z,price_change,0.7100,SELL,-167,0.43,0.4400
2026-01-08T02:14:19.444358Z,price_change,0.4,BUY,250,0.43,0.4400
2026-01-08T02:14:19.449611Z,price_change,0.9300,SELL,4178,0.43,0.4400
2026-01-08T02:14:19.454781Z,price_change,0.4400,SELL,-4,0.43,0.4400
2026-01-08T02:14:19.454781Z,price_change,0.4800,SELL,4,0.43,0.4400
2026-01-08T02:14:19.456507Z,price_change,0.4400,SELL,-1,0.43,0.4500
2026-01-08T02:14:19.456507Z,price_change,0.4800,SELL,1,0.43,0.4500
2026-01-08T02:14:19.469069Z,price_change,0.4500,SELL,-863,0.43,0.4800
2026-01-08T02:14:19.472067Z,price_change,0.4900,SELL,-250,0.43,0.4800
2026-01-08T02:14:19.479373Z,price_change,0.4500,SELL,863,0.43,0.4500
2026-01-08T02:14:19.480499Z,price_change,0.37,BUY,-94,0.43,0.4500
2026-01-08T02:14:19.480499Z,price_change,0.36,BUY,94,0.43,0.4500
2026-01-08T02:14:19.481746Z,price_change,0.4500,SELL,-863,0.43,0.4800
2026-01-08T02:14:19.486212Z,price_change,0.8400,SELL,-303,0.43,0.4800
2026-01-08T02:14:19.486461Z,price_change,0.4800,SELL,-167,0.43,0.4800
2026-01-08T02:14:19.488496Z,price_change,0.6500,SELL,287,0.43,0.4800
2026-01-08T02:14:19.488955Z,price_change,0.4700,SELL,167,0.43,0.4700
2026-01-08T02:14:19.490036Z,price_change,0.4700,SELL,863,0.43,0.4700
2026-01-08T02:14:19.491486Z,price_change,0.42,BUY,-636,0.43,0.4700
2026-01-08T02:14:19.493441Z,price_change,0.4900,SELL,2172,0.43,0.4700
2026-01-08T02:14:19.493954Z,price_change,0.4700,SELL,-863,0.43,0.4700
2026-01-08T02:14:19.4989Z,price_change,0.43,BUY,636,0.43,0.4700
2026-01-08T02:14:19.501878Z,price_change,0.5100,SELL,250,0.43,0.4700
2026-01-08T02:14:19.505042Z,price_change,0.4800,SELL,-7500,0.43,0.4700
2026-01-08T02:14:19.507009Z,price_change,0.43,BUY,-636,0.43,0.4700
2026-01-08T02:14:19.512139Z,price_change,0.4700,SELL,863,0.43,0.4700
2026-01-08T02:14:19.518708Z,price_change,0.42,BUY,-2172,0.43,0.4700
2026-01-08T02:14:19.519541Z,price_change,0.43,BUY,636,0.43,0.4700
2026-01-08T02:14:19.527652Z,price_change,0.4800,SELL,-1,0.43,0.4700
2026-01-08T02:14:19.527652Z,price_change,0.4500,SELL,1,0.43,0.4500
2026-01-08T02:14:19.530487Z,price_change,0.8300,SELL,-668,0.43,0.4500
2026-01-08T02:14:19.536986Z,price_change,0.36,BUY,-94,0.43,0.4500
2026-01-08T02:14:19.536986Z,price_change,0.37,BUY,94,0.43,0.4500
2026-01-08T02:14:19.538658Z,price_change,0.4700,SELL,-863,0.43,0.4500
2026-01-08T02:14:19.53905Z,price_change,0.4700,SELL,167,0.43,0.4500
2026-01-08T02:14:19.540437Z,price_change,0.4700,SELL,-167,0.43,0.4500
2026-01-08T02:14:19.540693Z,price_change,0.4800,SELL,-2172,0.43,0.4500
2026-01-08T02:14:19.540838Z,price_change,0.4800,SELL,-2172,0.43,0.4500
2026-01-08T02:14:19.540889Z,price_change,0.43,BUY,-636,0.43,0.4500
2026-01-08T02:14:19.541159Z,price_change,0.4900,SELL,-2172,0.43,0.4500
2026-01-08T02:14:19.541667Z,price_change,0.4800,SELL,-2172,0.43,0.4500
2026-01-08T02:14:19.542637Z,price_change,0.4900,SELL,-2172,0.43,0.4500
2026-01-08T02:14:19.545626Z,price_change,0.42,BUY,-13,0.43,0.4500
2026-01-08T02:14:19.549395Z,price_change,0.4500,SELL,863,0.43,0.4500
2026-01-08T02:14:19.552063Z,price_change,0.42,BUY,636,0.43,0.4500
2026-01-08T02:14:19.553195Z,price_change,0.37,BUY,-94,0.43,0.4500
2026-01-08T02:14:19.553195Z,price_change,0.38,BUY,94,0.43,0.4500
2026-01-08T02:14:19.553256Z,price_change,0.4500,SELL,-863,0.43,0.4500
2026-01-08T02:14:19.558711Z,price_change,0.44,BUY,2172,0.44,0.4500
2026-01-08T02:14:19.565125Z,price_change,0.4500,SELL,863,0.44,0.4500
2026-01-08T02:14:19.566287Z,price_change,0.4500,SELL,-863,0.44,0.4500
2026-01-08T02:14:19.566518Z,price_change,0.8400,SELL,668,0.44,0.4500
2026-01-08T02:14:19.56719Z,price_change,0.4700,SELL,-167,0.44,0.4500
2026-01-08T02:14:19.571099Z,price_change,0.42,BUY,-636,0.44,0.4500
2026-01-08T02:14:19.572113Z,price_change,0.5000,SELL,-2172,0.44,0.4500
2026-01-08T02:14:19.575396Z,price_change,0.4900,SELL,500,0.44,0.4500
2026-01-08T02:14:19.578277Z,price_change,0.38,BUY,-94,0.44,0.4500
2026-01-08T02:14:19.578277Z,price_change,0.37,BUY,94,0.44,0.4500
2026-01-08T02:14:19.580323Z,price_change,0.4600,SELL,863,0.44,0.4500
2026-01-08T02:14:19.58192Z,price_change,0.43,BUY,2172,0.44,0.4500
2026-01-08T02:14:19.584281Z,price_change,0.43,BUY,636,0.44,0.4500
2026-01-08T02:14:19.596602Z,price_change,0.4800,SELL,-4,0.44,0.4500
2026-01-08T02:14:19.596602Z,price_change,0.4500,SELL,5,0.44,0.4500
2026-01-08T02:14:19.599736Z,price_change,0.4500,SELL,-1,0.44,0.4500
2026-01-08T02:14:19.599736Z,price_change,0.4600,SELL,1,0.44,0.4500
2026-01-08T02:14:19.600648Z,price_change,0.4900,SELL,-500,0.44,0.4500
2026-01-08T02:14:19.600648Z,price_change,0.6400,SELL,500,0.44,0.4500
2026-01-08T02:14:19.617359Z,price_change,0.6400,SELL,-500,0.44,0.4500
2026-01-08T02:14:19.62292Z,price_change,0.4600,SELL,2172,0.44,0.4500
2026-01-08T02:14:19.623799Z,price_change,0.4700,SELL,2172,0.44,0.4500
2026-01-08T02:14:19.624028Z,price_change,0.37,BUY,-94,0.44,0.4500
2026-01-08T02:14:19.624801Z,price_change,0.5100,SELL,-250,0.44,0.4500
2026-01-08T02:14:19.62561Z,price_change,0.4600,SELL,2172,0.44,0.4500
2026-01-08T02:14:19.62571Z,price_change,0.4700,SELL,2172,0.44,0.4500
2026-01-08T02:14:19.626113Z,price_change,0.5100,SELL,167,0.44,0.4500
2026-01-08T02:14:19.626672Z,price_change,0.4600,SELL,2172,0.44,0.4500
2026-01-08T02:14:19.627313Z,price_change,0.4800,SELL,2172,0.44,0.4500
2026-01-08T02:14:19.657473Z,price_change,0.7100,SELL,167,0.44,0.4500
2026-01-08T02:14:19.659957Z,price_change,0.5100,SELL,250,0.44,0.4500
2026-01-08T02:14:19.670063Z,price_change,0.5100,SELL,-167,0.44,0.4500
2026-01-08T02:14:19.691956Z,price_change,0.39,BUY,-690,0.44,0.4500
2026-01-08T02:14:19.693424Z,price_change,0.5200,SELL,-690,0.44,0.4500
2026-01-08T02:14:19.713288Z,price_change,0.5100,SELL,167,0.44,0.4500
2026-01-08T02:14:19.723846Z,price_change,0.5100,SELL,-250,0.44,0.4500
2026-01-08T02:14:19.726839Z,price_change,0.4,BUY,-250,0.44,0.4500
2026-01-08T02:14:19.75753Z,price_change,0.5100,SELL,-167,0.44,0.4500
2026-01-08T02:14:19.761374Z,price_change,0.6400,SELL,250,0.44,0.4500
2026-01-08T02:14:19.783184Z,price_change,0.36,BUY,250,0.44,0.4500
2026-01-08T02:14:19.810612Z,price_change,0.6400,SELL,167,0.44,0.4500
2026-01-08T02:14:19.818628Z,price_change,0.4500,SELL,7500,0.44,0.4500
2026-01-08T02:14:19.839854Z,price_change,0.39,BUY,94,0.44,0.4500
2026-01-08T02:14:20.071248Z,price_change,0.44,BUY,14,0.44,0.4500
2026-01-08T02:14:20.184859Z,price_change,0.4500,SELL,-5,0.44,0.4500
2026-01-08T02:14:20.184859Z,price_change,0.4600,SELL,5,0.44,0.4500
2026-01-08T02:14:20.186482Z,price_change,0.44,BUY,-14,0.44,0.4500
2026-01-08T02:14:20.586938Z,price_change,0.44,BUY,1,0.44,0.4500
2026-01-08T02:14:20.87594Z,price_change,0.26,BUY,2000,0.44,0.4500
2026-01-08T02:14:20.916459Z,price_change,0.43,BUY,167,0.44,0.4500
2026-01-08T02:14:20.917031Z,price_change,0.06,BUY,-167,0.44,0.4500
2026-01-08T02:14:20.965291Z,price_change,0.27,BUY,167,0.44,0.4500
2026-01-08T02:14:21.000721Z,price_change,0.6600,SELL,-691,0.44,0.4500
2026-01-08T02:14:21.000721Z,price_change,0.35,BUY,-691,0.44,0.4500
2026-01-08T02:14:21.046011Z,price_change,0.36,BUY,-250,0.44,0.4500
2026-01-08T02:14:21.047915Z,price_change,0.43,BUY,-167,0.44,0.4500
2026-01-08T02:14:21.077221Z,price_change,0.44,BUY,167,0.44,0.4500
2026-01-08T02:14:21.080767Z,price_change,0.33,BUY,250,0.44,0.4500
2026-01-08T02:14:21.170264Z,price_change,0.41,BUY,-20,0.44,0.4500
2026-01-08T02:14:21.242847Z,price_change,0.35,BUY,17,0.44,0.4500
2026-01-08T02:14:21.284749Z,price_change,0.07,BUY,-668,0.44,0.4500
2026-01-08T02:14:21.308297Z,price_change,0.4500,SELL,-212,0.44,0.4500
1767838461,last_trade_price,0.45,BUY,212,0.44,0.4500
2026-01-08T02:14:21.331914Z,price_change,0.11,BUY,668,0.44,0.4500
2026-01-08T02:14:21.504511Z,price_change,0.4500,SELL,-50,0.44,0.4500
1767838461,last_trade_price,0.45,BUY,50,0.44,0.4500
2026-01-08T02:14:21.833584Z,price_change,0.31,BUY,150,0.44,0.4500
2026-01-08T02:14:21.92516Z,price_change,0.3,BUY,1597,0.44,0.4500
2026-01-08T02:14:22.056783Z,price_change,0.28,BUY,690,0.44,0.4500
2026-01-08T02:14:22.061569Z,price_change,0.4500,SELL,-212,0.44,0.4500
1767838462,last_trade_price,0.45,BUY,212,0.44,0.4500
2026-01-08T02:14:22.357214Z,price_change,0.44,BUY,2500,0.44,0.4500
2026-01-08T02:14:22.372555Z,price_change,0.4500,SELL,-7026,0.44,0.4600
2026-01-08T02:14:22.403663Z,price_change,0.4600,SELL,7500,0.44,0.4600
2026-01-08T02:14:22.435166Z,price_change,0.11,BUY,-668,0.44,0.4600
2026-01-08T02:14:22.488247Z,price_change,0.07,BUY,660,0.44,0.4600
2026-01-08T02:14:22.648943Z,price_change,0.44,BUY,-2172,0.44,0.4600
2026-01-08T02:14:22.648943Z,price_change,0.44,BUY,-1,0.44,0.4600
2026-01-08T02:14:22.648943Z,price_change,0.44,BUY,-167,0.44,0.4600
2026-01-08T02:14:22.648943Z,price_change,0.44,BUY,-2499,0.44,0.4600
1767838462,last_trade_price,0.56,SELL,2172,0.44,0.4600
1767838462,last_trade_price,0.56,SELL,1,0.44,0.4600
1767838462,last_trade_price,0.56,SELL,167,0.44,0.4600
1767838462,last_trade_price,0.56,SELL,2499,0.44,0.4600
2026-01-08T02:14:22.692235Z,price_change,0.44,BUY,2147,0.44,0.4600
2026-01-08T02:14:22.71244Z,price_change,0.45,BUY,13,0.45,0.4600
2026-01-08T02:14:22.789511Z,price_change,0.45,BUY,-13,0.44,0.4600
2026-01-08T02:14:22.789511Z,price_change,0.44,BUY,-1,0.44,0.4600
2026-01-08T02:14:22.789511Z,price_change,0.44,BUY,-13,0.44,0.4600
1767838462,last_trade_price,0.55,SELL,13,0.44,0.4600
1767838462,last_trade_price,0.56,SELL,1,0.44,0.4600
1767838462,last_trade_price,0.56,SELL,13,0.44,0.4600
2026-01-08T02:14:23.190999Z,price_change,0.4500,SELL,50000,0.44,0.4500
2026-01-08T02:14:23.255033Z,price_change,0.4600,SELL,-2172,0.44,0.4500
2026-01-08T02:14:23.259065Z,price_change,0.07,BUY,-660,0.44,0.4500
2026-01-08T02:14:23.259599Z,price_change,0.4600,SELL,-2172,0.44,0.4500
2026-01-08T02:14:23.273952Z,price_change,0.4600,SELL,-1,0.44,0.4500
2026-01-08T02:14:23.298175Z,price_change,0.11,BUY,660,0.44,0.4500
2026-01-08T02:14:23.30644Z,price_change,0.4500,SELL,-10,0.44,0.4500
1767838463,last_trade_price,0.45,BUY,10,0.44,0.4500
2026-01-08T02:14:23.652697Z,price_change,0.26,BUY,-2000,0.44,0.4500
2026-01-08T02:14:23.654276Z,price_change,0.28,BUY,-690,0.44,0.4500
2026-01-08T02:14:23.693923Z,price_change,0.27,BUY,-167,0.44,0.4500
2026-01-08T02:14:23.710728Z,price_change,0.4500,SELL,1,0.44,0.4500
2026-01-08T02:14:23.73903Z,price_change,0.06,BUY,165,0.44,0.4500
2026-01-08T02:14:23.754472Z,price_change,0.41,BUY,6,0.44,0.4500
2026-01-08T02:14:23.756294Z,price_change,0.4700,SELL,10,0.44,0.4500
2026-01-08T02:14:23.787077Z,price_change,0.41,BUY,-6,0.44,0.4500
2026-01-08T02:14:23.788827Z,price_change,0.4700,SELL,-10,0.44,0.4500
2026-01-08T02:14:23.893055Z,price_change,0.31,BUY,-150,0.44,0.4500
2026-01-08T02:14:23.896942Z,price_change,0.4500,SELL,-109,0.44,0.4500
1767838463,last_trade_price,0.45,BUY,109,0.44,0.4500
2026-01-08T02:14:23.940777Z,price_change,0.4500,SELL,-314,0.44,0.4500
1767838463,last_trade_price,0.45,BUY,314,0.44,0.4500
2026-01-08T02:14:23.980495Z,price_change,0.4600,SELL,2147,0.44,0.4500
2026-01-08T02:14:23.981762Z,price_change,0.11,BUY,-660,0.44,0.4500
2026-01-08T02:14:24.014243Z,price_change,0.44,BUY,165,0.44,0.4500
2026-01-08T02:14:24.014704Z,price_change,0.07,BUY,660,0.44,0.4500
2026-01-08T02:14:24.042841Z,price_change,0.39,BUY,-1,0.44,0.4500
2026-01-08T02:14:24.065779Z,price_change,0.4500,SELL,-10,0.44,0.4500
1767838464,last_trade_price,0.45,BUY,10,0.44,0.4500
2026-01-08T02:14:24.507081Z,price_change,0.4500,SELL,-10,0.44,0.4500
1767838464,last_trade_price,0.45,BUY,10,0.44,0.4500
2026-01-08T02:14:24.540165Z,price_change,0.4600,SELL,-2147,0.44,0.4500
2026-01-08T02:14:24.879096Z,price_change,0.4500,SELL,-53,0.44,0.4500
1767838464,last_trade_price,0.45,BUY,53,0.44,0.4500
2026-01-08T02:14:24.924257Z,price_change,0.07,BUY,-660,0.44,0.4500
2026-01-08T02:14:24.949045Z,price_change,0.44,BUY,-2,0.44,0.4500
1767838464,last_trade_price,0.56,SELL,2,0.44,0.4500
2026-01-08T02:14:24.962397Z,price_change,0.11,BUY,660,0.44,0.4500
2026-01-08T02:14:25.053136Z,price_change,0.31,BUY,2000,0.44,0.4500
2026-01-08T02:14:25.054919Z,price_change,0.4700,SELL,2000,0.44,0.4500
2026-01-08T02:14:25.135105Z,price_change,0.06,BUY,-165,0.44,0.4500
2026-01-08T02:14:25.136313Z,price_change,0.6400,SELL,-167,0.44,0.4500
2026-01-08T02:14:25.167785Z,price_change,0.4700,SELL,165,0.44,0.4500
2026-01-08T02:14:25.169284Z,price_change,0.32,BUY,165,0.44,0.4500
2026-01-08T02:14:25.226455Z,price_change,0.4500,SELL,-10,0.44,0.4500
1767838465,last_trade_price,0.45,BUY,10,0.44,0.4500
2026-01-08T02:14:25.299857Z,price_change,0.4500,SELL,-200,0.44,0.4500
1767838465,last_trade_price,0.45,BUY,200,0.44,0.4500
2026-01-08T02:14:25.326853Z,price_change,0.4500,SELL,-10,0.44,0.4500
1767838465,last_trade_price,0.45,BUY,10,0.44,0.4500
2026-01-08T02:14:25.557441Z,price_change,0.4600,SELL,-2172,0.44,0.4500
2026-01-08T02:14:25.591929Z,price_change,0.4800,SELL,2147,0.44,0.4500
2026-01-08T02:14:25.592952Z,price_change,0.4900,SELL,2147,0.44,0.4500
2026-01-08T02:14:25.593168Z,price_change,0.4700,SELL,2147,0.44,0.4500
2026-01-08T02:14:25.717786Z,price_change,0.31,BUY,-2000,0.44,0.4500
2026-01-08T02:14:25.719166Z,price_change,0.4700,SELL,-2000,0.44,0.4500
2026-01-08T02:14:25.744834Z,price_change,0.44,BUY,2500,0.44,0.4500
2026-01-08T02:14:25.761597Z,price_change,0.4700,SELL,-2172,0.44,0.4500
2026-01-08T02:14:25.761801Z,price_change,0.4900,SELL,-2147,0.44,0.4500
2026-01-08T02:14:25.762165Z,price_change,0.4700,SELL,-2147,0.44,0.4500
2026-01-08T02:14:25.762625Z,price_change,0.32,BUY,-165,0.44,0.4500
2026-01-08T02:14:25.765545Z,price_change,0.4700,SELL,-2172,0.44,0.4500
2026-01-08T02:14:25.765792Z,price_change,0.4800,SELL,-2147,0.44,0.4500
2026-01-08T02:14:25.766335Z,price_change,0.4700,SELL,-165,0.44,0.4500
2026-01-08T02:14:25.772379Z,price_change,0.4800,SELL,-2172,0.44,0.4500
2026-01-08T02:14:25.80545Z,price_change,0.6400,SELL,165,0.44,0.4500
2026-01-08T02:14:25.805772Z,price_change,0.6300,SELL,2147,0.44,0.4500
2026-01-08T02:14:25.806634Z,price_change,0.6400,SELL,2147,0.44,0.4500
2026-01-08T02:14:25.807094Z,price_change,0.6300,SELL,2147,0.44,0.4500
2026-01-08T02:14:25.807757Z,price_change,0.6400,SELL,2147,0.44,0.4500
2026-01-08T02:14:25.808618Z,price_change,0.06,BUY,165,0.44,0.4500
2026-01-08T02:14:25.809075Z,price_change,0.6500,SELL,2147,0.44,0.4500
2026-01-08T02:14:25.810075Z,price_change,0.6300,SELL,2147,0.44,0.4500
2026-01-08T02:14:26.057023Z,price_change,0.4500,SELL,-1,0.44,0.4500
1767838466,last_trade_price,0.45,BUY,1,0.44,0.4500
2026-01-08T02:14:26.36346Z,price_change,0.4500,SELL,-2127,0.44,0.4500
1767838466,last_trade_price,0.45,BUY,2127,0.44,0.4500
2026-01-08T02:14:26.385477Z,price_change,0.43,BUY,-750,0.44,0.4500
2026-01-08T02:14:26.631389Z,price_change,0.34,BUY,150,0.44,0.4500
2026-01-08T02:14:26.669853Z,price_change,0.33,BUY,-250,0.44,0.4500
2026-01-08T02:14:26.672646Z,price_change,0.4500,SELL,-10,0.44,0.4500
1767838466,last_trade_price,0.45,BUY,10,0.44,0.4500
2026-01-08T02:14:26.702885Z,price_change,0.35,BUY,247,0.44,0.4500
2026-01-08T02:14:26.748539Z,price_change,0.28,BUY,2000,0.44,0.4500
2026-01-08T02:14:26.771077Z,price_change,0.4500,SELL,-100,0.44,0.4500
1767838466,last_trade_price,0.45,BUY,100,0.44,0.4500
2026-01-08T02:14:26.789182Z,price_change,0.06,BUY,-165,0.44,0.4500
2026-01-08T02:14:26.923906Z,price_change,0.4500,SELL,-32,0.44,0.4500
1767838466,last_trade_price,0.45,BUY,32,0.44,0.4500
2026-01-08T02:14:26.92514Z,price_change,0.4500,SELL,-21,0.44,0.4500
1767838466,last_trade_price,0.45,BUY,21,0.44,0.4500
2026-01-08T02:14:26.954794Z,price_change,0.29,BUY,165,0.44,0.4500
2026-01-08T02:14:27.18661Z,price_change,0.4600,SELL,2000,0.44,0.4500
2026-01-08T02:14:27.556465Z,price_change,0.4500,SELL,-4,0.44,0.4500
1767838467,last_trade_price,0.45,BUY,4,0.44,0.4500
2026-01-08T02:14:27.71293Z,price_change,0.44,BUY,-19,0.44,0.4500
1767838467,last_trade_price,0.56,SELL,19,0.44,0.4500
2026-01-08T02:14:27.860473Z,price_change,0.4500,SELL,-5,0.44,0.4500
1767838467,last_trade_price,0.45,BUY,5,0.44,0.4500
2026-01-08T02:14:27.959897Z,price_change,0.35,BUY,690,0.44,0.4500
2026-01-08T02:14:27.960757Z,price_change,0.4600,SELL,690,0.44,0.4500
2026-01-08T02:14:28.028188Z,price_change,0.35,BUY,-247,0.44,0.4500
2026-01-08T02:14:28.056631Z,price_change,0.36,BUY,247,0.44,0.4500
2026-01-08T02:14:28.499745Z,price_change,0.4500,SELL,-2,0.44,0.4500
1767838468,last_trade_price,0.45,BUY,2,0.44,0.4500
2026-01-08T02:14:28.599659Z,price_change,0.4500,SELL,-21,0.44,0.4500
1767838468,last_trade_price,0.45,BUY,21,0.44,0.4500
2026-01-08T02:14:28.834589Z,price_change,0.4500,SELL,-42,0.44,0.4500
1767838468,last_trade_price,0.45,BUY,42,0.44,0.4500
2026-01-08T02:14:29.020934Z,price_change,0.4500,SELL,-5,0.44,0.4500
1767838469,last_trade_price,0.45,BUY,5,0.44,0.4500
2026-01-08T02:14:29.295035Z,price_change,0.4500,SELL,-425,0.44,0.4500
1767838469,last_trade_price,0.45,BUY,425,0.44,0.4500
2026-01-08T02:14:29.617026Z,price_change,0.4500,SELL,-42,0.44,0.4500
1767838469,last_trade_price,0.45,BUY,42,0.44,0.4500
2026-01-08T02:14:29.783294Z,price_change,0.4500,SELL,-27,0.44,0.4500
1767838469,last_trade_price,0.45,BUY,27,0.44,0.4500
2026-01-08T02:14:29.847162Z,price_change,0.28,BUY,-2000,0.44,0.4500
2026-01-08T02:14:29.848502Z,price_change,0.4600,SELL,-2000,0.44,0.4500
2026-01-08T02:14:29.84943Z,price_change,0.35,BUY,-690,0.44,0.4500
2026-01-08T02:14:29.850164Z,price_change,0.4600,SELL,-690,0.44,0.4500
2026-01-08T02:14:29.866546Z,price_change,0.4500,SELL,-106,0.44,0.4500
1767838469,last_trade_price,0.45,BUY,106,0.44,0.4500
2026-01-08T02:14:29.888971Z,price_change,0.36,BUY,-247,0.44,0.4500
2026-01-08T02:14:29.890651Z,price_change,0.4600,SELL,1,0.44,0.4500
2026-01-08T02:14:29.891081Z,price_change,0.29,BUY,-165,0.44,0.4500
2026-01-08T02:14:29.928683Z,price_change,0.06,BUY,165,0.44,0.4500
2026-01-08T02:14:29.930365Z,price_change,0.35,BUY,247,0.44,0.4500
2026-01-08T02:14:30.102801Z,price_change,0.4500,SELL,-5,0.44,0.4500
1767838470,last_trade_price,0.45,BUY,5,0.44,0.4500
2026-01-08T02:14:30.236416Z,price_change,0.4500,SELL,-20,0.44,0.4500
1767838470,last_trade_price,0.45,BUY,20,0.44,0.4500
2026-01-08T02:14:30.288623Z,price_change,0.4500,SELL,-10,0.44,0.4500
1767838470,last_trade_price,0.45,BUY,10,0.44,0.4500
2026-01-08T02:14:30.429461Z,price_change,0.44,BUY,-28,0.44,0.4500
1767838470,last_trade_price,0.56,SELL,28,0.44,0.4500
2026-01-08T02:14:30.514874Z,price_change,0.6400,SELL,-165,0.44,0.4500
2026-01-08T02:14:30.515009Z,price_change,0.6400,SELL,-2147,0.44,0.4500
2026-01-08T02:14:30.515027Z,price_change,0.6300,SELL,-2147,0.44,0.4500
2026-01-08T02:14:30.516106Z,price_change,0.44,BUY,-165,0.44,0.4500
2026-01-08T02:14:30.516356Z,price_change,0.6300,SELL,-2147,0.44,0.4500
2026-01-08T02:14:30.517467Z,price_change,0.11,BUY,-660,0.44,0.4500
2026-01-08T02:14:30.517475Z,price_change,0.6300,SELL,-2147,0.44,0.4500
2026-01-08T02:14:30.519562Z,price_change,0.6400,SELL,-2147,0.44,0.4500
2026-01-08T02:14:30.52493Z,price_change,0.6500,SELL,-2147,0.44,0.4500
2026-01-08T02:14:30.571065Z,price_change,0.07,BUY,660,0.44,0.4500
2026-01-08T02:14:30.571682Z,price_change,0.4700,SELL,2147,0.44,0.4500
2026-01-08T02:14:30.571738Z,price_change,0.4600,SELL,165,0.44,0.4500
2026-01-08T02:14:30.571784Z,price_change,0.4800,SELL,2147,0.44,0.4500
2026-01-08T02:14:30.572186Z,price_change,0.4700,SELL,2147,0.44,0.4500
2026-01-08T02:14:30.572714Z,price_change,0.4600,SELL,2147,0.44,0.4500
2026-01-08T02:14:30.572761Z,price_change,0.43,BUY,165,0.44,0.4500
2026-01-08T02:14:30.573196Z,price_change,0.4600,SELL,2147,0.44,0.4500
2026-01-08T02:14:30.574973Z,price_change,0.4600,SELL,2147,0.44,0.4500
2026-01-08T02:14:30.653659Z,price_change,0.4500,SELL,-10,0.44,0.4500
1767838470,last_trade_price,0.45,BUY,10,0.44,0.4500
2026-01-08T02:14:30.665756Z,price_change,0.4500,SELL,-42,0.44,0.4500
1767838470,last_trade_price,0.45,BUY,42,0.44,0.4500
2026-01-08T02:14:30.670788Z,price_change,0.44,BUY,-1009,0.44,0.4500
1767838470,last_trade_price,0.56,SELL,1009,0.44,0.4500
2026-01-08T02:14:30.844137Z,price_change,0.4500,SELL,-750,0.44,0.4500
1767838470,last_trade_price,0.45,BUY,750,0.44,0.4500
2026-01-08T02:14:30.955878Z,price_change,0.4500,SELL,29,0.44,0.4500
2026-01-08T02:14:31.162858Z,price_change,0.3,BUY,-1597,0.44,0.4500
2026-01-08T02:14:31.170369Z,price_change,0.35,BUY,-17,0.44,0.4500
2026-01-08T02:14:31.21539Z,price_change,0.4500,SELL,-3574,0.44,0.4500
1767838471,last_trade_price,0.45,BUY,3574,0.44,0.4500
2026-01-08T02:14:31.336915Z,price_change,0.4500,SELL,-44,0.44,0.4500
1767838471,last_trade_price,0.45,BUY,44,0.44,0.4500
2026-01-08T02:14:31.582351Z,price_change,0.44,BUY,-1076,0.44,0.4500
2026-01-08T02:14:31.582351Z,price_change,0.44,BUY,-16,0.44,0.4500
1767838471,last_trade_price,0.56,SELL,1076,0.44,0.4500
1767838471,last_trade_price,0.56,SELL,16,0.44,0.4500
2026-01-08T02:14:31.636707Z,price_change,0.44,BUY,2147,0.44,0.4500
2026-01-08T02:14:31.774031Z,price_change,0.33,BUY,2000,0.44,0.4500
2026-01-08T02:14:31.775655Z,price_change,0.4800,SELL,2000,0.44,0.4500
2026-01-08T02:14:31.808011Z,price_change,0.06,BUY,-165,0.44,0.4500
2026-01-08T02:14:31.82788Z,price_change,0.7100,SELL,-167,0.44,0.4500
2026-01-08T02:14:31.84682Z,price_change,0.34,BUY,165,0.44,0.4500
2026-01-08T02:14:31.86552Z,price_change,0.4800,SELL,165,0.44,0.4500
2026-01-08T02:14:31.981332Z,price_change,0.4500,SELL,-1,0.44,0.4500
1767838471,last_trade_price,0.45,BUY,1,0.44,0.4500
2026-01-08T02:14:32.158606Z,price_change,0.36,BUY,691,0.44,0.4500
2026-01-08T02:14:32.160038Z,price_change,0.6300,SELL,691,0.44,0.4500
2026-01-08T02:14:32.199799Z,price_change,0.35,BUY,-247,0.44,0.4500
2026-01-08T02:14:32.199853Z,price_change,0.6400,SELL,-250,0.44,0.4500
2026-01-08T02:14:32.24039Z,price_change,0.37,BUY,247,0.44,0.4500
2026-01-08T02:14:32.2404Z,price_change,0.6200,SELL,247,0.44,0.4500
2026-01-08T02:14:32.578299Z,price_change,0.44,BUY,-1133,0.44,0.4500
1767838472,last_trade_price,0.56,SELL,1133,0.44,0.4500
2026-01-08T02:14:32.750858Z,price_change,0.4500,SELL,4,0.44,0.4500
2026-01-08T02:14:32.916913Z,price_change,0.4500,SELL,-115,0.44,0.4500
1767838472,last_trade_price,0.45,BUY,115,0.44,0.4500
2026-01-08T02:14:33.09702Z,price_change,0.4500,SELL,-21,0.44,0.4500
1767838473,last_trade_price,0.45,BUY,21,0.44,0.4500
2026-01-08T02:14:33.205837Z,price_change,0.35,BUY,690,0.44,0.4500
2026-01-08T02:14:33.20738Z,price_change,0.4600,SELL,690,0.44,0.4500
2026-01-08T02:14:33.244812Z,price_change,0.44,BUY,-42,0.44,0.4500
1767838473,last_trade_price,0.56,SELL,42,0.44,0.4500
2026-01-08T02:14:33.512025Z,price_change,0.44,BUY,-1062,0.44,0.4500
1767838473,last_trade_price,0.56,SELL,1062,0.44,0.4500
2026-01-08T02:14:33.755604Z,price_change,0.4500,SELL,-55,0.44,0.4500
1767838473,last_trade_price,0.45,BUY,55,0.44,0.4500
2026-01-08T02:14:34.356154Z,price_change,0.4500,SELL,-20,0.44,0.4500
1767838474,last_trade_price,0.45,BUY,20,0.44,0.4500
2026-01-08T02:14:34.679134Z,price_change,0.44,BUY,-159,0.44,0.4500
1767838474,last_trade_price,0.56,SELL,159,0.44,0.4500
2026-01-08T02:14:34.919856Z,price_change,0.44,BUY,-25,0.44,0.4500
1767838474,last_trade_price,0.56,SELL,25,0.44,0.4500
2026-01-08T02:14:34.937506Z,price_change,0.4800,SELL,-165,0.44,0.4500
2026-01-08T02:14:34.940793Z,price_change,0.6200,SELL,-247,0.44,0.4500
2026-01-08T02:14:34.940899Z,price_change,0.4600,SELL,-2147,0.44,0.4500
2026-01-08T02:14:34.941103Z,price_change,0.4800,SELL,-2147,0.44,0.4500
2026-01-08T02:14:34.942172Z,price_change,0.4700,SELL,-2147,0.44,0.4500
2026-01-08T02:14:34.94364Z,price_change,0.44,BUY,-2147,0.44,0.4500
2026-01-08T02:14:34.989701Z,price_change,0.4800,SELL,247,0.44,0.4500
2026-01-08T02:14:34.991183Z,price_change,0.4700,SELL,165,0.44,0.4500
2026-01-08T02:14:34.991532Z,price_change,0.4500,SELL,2147,0.44,0.4500
2026-01-08T02:14:34.992429Z,price_change,0.42,BUY,2147,0.44,0.4500
2026-01-08T02:14:34.995758Z,price_change,0.4500,SELL,2147,0.44,0.4500
2026-01-08T02:14:35.004177Z,price_change,0.36,BUY,-691,0.44,0.4500
2026-01-08T02:14:35.004177Z,price_change,0.6300,SELL,-691,0.44,0.4500
2026-01-08T02:14:35.048274Z,price_change,0.37,BUY,-247,0.44,0.4500
2026-01-08T02:14:35.088182Z,price_change,0.4600,SELL,-7500,0.44,0.4500
2026-01-08T02:14:35.097303Z,price_change,0.36,BUY,247,0.44,0.4500
2026-01-08T02:14:35.115899Z,price_change,0.4500,SELL,7500,0.44,0.4500
2026-01-08T02:14:35.118426Z,price_change,0.4600,SELL,-1,0.44,0.4500
2026-01-08T02:14:35.120595Z,price_change,0.4500,SELL,-2147,0.44,0.4500
2026-01-08T02:14:35.907373Z,price_change,0.4800,SELL,-247,0.44,0.4500
2026-01-08T02:14:35.909065Z,price_change,0.4500,SELL,-2147,0.44,0.4500
2026-01-08T02:14:35.941551Z,price_change,0.6400,SELL,247,0.44,0.4500
2026-01-08T02:14:35.942124Z,price_change,0.4600,SELL,2147,0.44,0.4500
2026-01-08T02:14:35.943858Z,price_change,0.4800,SELL,2147,0.44,0.4500
2026-01-08T02:14:35.944365Z,price_change,0.4700,SELL,2147,0.44,0.4500
2026-01-08T02:14:36.333906Z,price_change,0.4500,SELL,-1,0.44,0.4500
1767838476,last_trade_price,0.45,BUY,1,0.44,0.4500
2026-01-08T02:14:36.869049Z,price_change,0.4500,SELL,-212,0.44,0.4500
1767838476,last_trade_price,0.45,BUY,212,0.44,0.4500
2026-01-08T02:14:36.926711Z,price_change,0.32,BUY,-295,0.44,0.4500
2026-01-08T02:14:36.927835Z,price_change,0.13,BUY,433,0.44,0.4500
2026-01-08T02:14:37.659046Z,price_change,0.4500,SELL,-29,0.44,0.4500
2026-01-08T02:14:38.334842Z,price_change,0.4500,SELL,-7500,0.44,0.4500
2026-01-08T02:14:38.378434Z,price_change,0.4600,SELL,7500,0.44,0.4500
2026-01-08T02:14:38.418226Z,price_change,0.4500,SELL,-6,0.44,0.4500
1767838478,last_trade_price,0.45,BUY,6,0.44,0.4500
2026-01-08T02:14:38.591504Z,price_change,0.4800,SELL,-2147,0.44,0.4500
2026-01-08T02:14:38.593462Z,price_change,0.6400,SELL,-247,0.44,0.4500
2026-01-08T02:14:38.593721Z,price_change,0.4600,SELL,-2147,0.44,0.4500
2026-01-08T02:14:38.596092Z,price_change,0.4700,SELL,-2147,0.44,0.4500
2026-01-08T02:14:38.63521Z,price_change,0.4800,SELL,247,0.44,0.4500
2026-01-08T02:14:38.636539Z,price_change,0.4500,SELL,2147,0.44,0.4500
2026-01-08T02:14:38.637883Z,price_change,0.4500,SELL,2147,0.44,0.4500
2026-01-08T02:14:38.639914Z,price_change,0.4500,SELL,2147,0.44,0.4500
2026-01-08T02:14:38.653887Z,price_change,0.4600,SELL,-7500,0.44,0.4500
2026-01-08T02:14:38.81282Z,price_change,0.4500,SELL,-1,0.44,0.4500
1767838478,last_trade_price,0.45,BUY,1,0.44,0.4500
2026-01-08T02:14:38.851691Z,price_change,0.4500,SELL,7500,0.44,0.4500
2026-01-08T02:14:39.066333Z,price_change,0.4500,SELL,-10,0.44,0.4500
1767838479,last_trade_price,0.45,BUY,10,0.44,0.4500
2026-01-08T02:14:39.103478Z,price_change,0.4500,SELL,-2147,0.44,0.4500
2026-01-08T02:14:39.194067Z,price_change,0.4500,SELL,-114,0.44,0.4500
1767838479,last_trade_price,0.45,BUY,114,0.44,0.4500
2026-01-08T02:14:39.815399Z,price_change,0.4500,SELL,-85,0.44,0.4500
1767838479,last_trade_price,0.45,BUY,85,0.44,0.4500
2026-01-08T02:14:39.851733Z,price_change,0.4500,SELL,-2147,0.44,0.4500
2026-01-08T02:14:40.123883Z,price_change,0.44,BUY,-3,0.44,0.4500
1767838480,last_trade_price,0.56,SELL,3,0.44,0.4500
2026-01-08T02:14:40.175404Z,price_change,0.4500,SELL,-53,0.44,0.4500
1767838480,last_trade_price,0.45,BUY,53,0.44,0.4500
2026-01-08T02:14:40.224781Z,price_change,0.4500,SELL,-10,0.44,0.4500
1767838480,last_trade_price,0.45,BUY,10,0.44,0.4500
2026-01-08T02:14:40.275322Z,price_change,0.44,BUY,-5,0.44,0.4500
1767838480,last_trade_price,0.56,SELL,5,0.44,0.4500
2026-01-08T02:14:40.320674Z,price_change,0.44,BUY,-6,0.44,0.4500
1767838480,last_trade_price,0.56,SELL,6,0.44,0.4500
2026-01-08T02:14:41.11796Z,price_change,0.44,BUY,-8,0.44,0.4500
1767838481,last_trade_price,0.56,SELL,8,0.44,0.4500
2026-01-08T02:14:41.951152Z,price_change,0.4500,SELL,-212,0.44,0.4500
1767838481,last_trade_price,0.45,BUY,212,0.44,0.4500
2026-01-08T02:14:42.826162Z,price_change,0.4500,SELL,-175,0.44,0.4500
1767838482,last_trade_price,0.45,BUY,175,0.44,0.4500
2026-01-08T02:14:42.858014Z,price_change,0.4500,SELL,-21,0.44,0.4500
1767838482,last_trade_price,0.45,BUY,21,0.44,0.4500
2026-01-08T02:14:42.866177Z,price_change,0.4500,SELL,-2147,0.44,0.4500
2026-01-08T02:14:42.884941Z,price_change,0.43,BUY,-165,0.44,0.4500
2026-01-08T02:14:42.910278Z,price_change,0.4500,SELL,2147,0.44,0.4500
2026-01-08T02:14:42.911927Z,price_change,0.4500,SELL,2147,0.44,0.4500
2026-01-08T02:14:42.912379Z,price_change,0.4500,SELL,2147,0.44,0.4500
2026-01-08T02:14:42.943178Z,price_change,0.4,BUY,165,0.44,0.4500
2026-01-08T02:14:43.085674Z,price_change,0.4500,SELL,-319,0.44,0.4500
1767838483,last_trade_price,0.45,BUY,319,0.44,0.4500
2026-01-08T02:14:44.803161Z,price_change,0.4500,SELL,-926,0.44,0.4500
1767838484,last_trade_price,0.45,BUY,926,0.44,0.4500
2026-01-08T02:14:44.877272Z,price_change,0.4500,SELL,-4265,0.44,0.4500
1767838484,last_trade_price,0.45,BUY,4265,0.44,0.4500
2026-01-08T02:14:45.229509Z,price_change,0.4500,SELL,800,0.44,0.4500
2026-01-08T02:14:46.286163Z,price_change,0.4500,SELL,-21,0.44,0.4500
1767838486,last_trade_price,0.45,BUY,21,0.44,0.4500
2026-01-08T02:14:46.462518Z,price_change,0.4600,SELL,-165,0.44,0.4500
2026-01-08T02:14:46.489827Z,price_change,0.9300,SELL,-4178,0.44,0.4500
2026-01-08T02:14:46.554404Z,price_change,0.4500,SELL,165,0.44,0.4500
2026-01-08T02:14:46.556005Z,price_change,0.9000,SELL,4129,0.44,0.4500
2026-01-08T02:14:46.560008Z,price_change,0.37,BUY,691,0.44,0.4500
2026-01-08T02:14:46.563394Z,price_change,0.6400,SELL,691,0.44,0.4500
2026-01-08T02:14:46.601245Z,price_change,0.36,BUY,-247,0.44,0.4500
2026-01-08T02:14:46.64539Z,price_change,0.38,BUY,247,0.44,0.4500
2026-01-08T02:14:46.783203Z,price_change,0.4500,SELL,-10,0.44,0.4500
1767838486,last_trade_price,0.45,BUY,10,0.44,0.4500
2026-01-08T02:14:47.357708Z,price_change,0.4500,SELL,-2,0.44,0.4500
1767838487,last_trade_price,0.45,BUY,2,0.44,0.4500
2026-01-08T02:14:47.401797Z,price_change,0.4500,SELL,-165,0.44,0.4500
2026-01-08T02:14:47.403256Z,price_change,0.9000,SELL,-4129,0.44,0.4500
2026-01-08T02:14:47.404307Z,price_change,0.44,BUY,10000,0.44,0.4500
2026-01-08T02:14:47.445161Z,price_change,0.9300,SELL,4129,0.44,0.4500
2026-01-08T02:14:47.447489Z,price_change,0.4600,SELL,165,0.44,0.4500
2026-01-08T02:14:47.494616Z,price_change,0.4500,SELL,-4,0.44,0.4500
1767838487,last_trade_price,0.45,BUY,4,0.44,0.4500
2026-01-08T02:14:47.518899Z,price_change,0.4500,SELL,-7500,0.44,0.4500
2026-01-08T02:14:47.536557Z,price_change,0.4600,SELL,7500,0.44,0.4500
2026-01-08T02:14:47.67984Z,price_change,0.16,BUY,-212,0.44,0.4500
2026-01-08T02:14:47.682523Z,price_change,0.14,BUY,-281,0.44,0.4500
2026-01-08T02:14:47.683464Z,price_change,0.08,BUY,416,0.44,0.4500
2026-01-08T02:14:47.730855Z,price_change,0.07,BUY,-660,0.44,0.4500
2026-01-08T02:14:47.763911Z,price_change,0.09,BUY,660,0.44,0.4500
2026-01-08T02:14:48.119879Z,price_change,0.4500,SELL,-32,0.44,0.4500
1767838488,last_trade_price,0.45,BUY,32,0.44,0.4500
2026-01-08T02:14:48.792769Z,price_change,0.4500,SELL,-83,0.44,0.4500
1767838488,last_trade_price,0.45,BUY,83,0.44,0.4500
2026-01-08T02:14:48.82565Z,price_change,0.39,BUY,-93,0.44,0.4500
2026-01-08T02:14:48.82565Z,price_change,0.38,BUY,93,0.44,0.4500
2026-01-08T02:14:48.873053Z,price_change,0.4,BUY,-165,0.44,0.4500
2026-01-08T02:14:48.874742Z,price_change,0.38,BUY,-247,0.44,0.4500
2026-01-08T02:14:48.911897Z,price_change,0.39,BUY,247,0.44,0.4500
2026-01-08T02:14:48.913808Z,price_change,0.39,BUY,165,0.44,0.4500
2026-01-08T02:14:48.941371Z,price_change,0.4600,SELL,1,0.44,0.4500
2026-01-08T02:14:49.001786Z,price_change,0.6400,SELL,-691,0.44,0.4500
2026-01-08T02:14:49.001786Z,price_change,0.37,BUY,-691,0.44,0.4500
2026-01-08T02:14:49.026622Z,price_change,0.4500,SELL,-53,0.44,0.4500
1767838489,last_trade_price,0.45,BUY,53,0.44,0.4500
2026-01-08T02:14:49.251244Z,price_change,0.4500,SELL,-21,0.44,0.4500
1767838489,last_trade_price,0.45,BUY,21,0.44,0.4500
2026-01-08T02:14:49.483353Z,price_change,0.44,BUY,-10000,0.44,0.4500
2026-01-08T02:14:49.521718Z,price_change,0.4600,SELL,-7500,0.44,0.4500
2026-01-08T02:14:49.540308Z,price_change,0.4500,SELL,7500,0.44,0.4500
1767838489,last_trade_price,0.45,BUY,2127,0.44,0.4500
2026-01-08T02:14:49.625272Z,price_change,0.4500,SELL,-2127,0.44,0.4500
2026-01-08T02:14:49.65714Z,price_change,0.4500,SELL,-1431,0.44,0.4500
1767838489,last_trade_price,0.45,BUY,1431,0.44,0.4500
2026-01-08T02:14:49.698972Z,price_change,0.4500,SELL,-32,0.44,0.4500
1767838489,last_trade_price,0.45,BUY,32,0.44,0.4500
2026-01-08T02:14:49.75587Z,price_change,0.4500,SELL,-7500,0.44,0.4500
2026-01-08T02:14:49.762686Z,price_change,0.44,BUY,-41,0.43,0.4500
2026-01-08T02:14:49.77381Z,price_change,0.43,BUY,-636,0.43,0.4500
2026-01-08T02:14:49.776502Z,price_change,0.4600,SELL,-863,0.43,0.4500
2026-01-08T02:14:49.784246Z,price_change,0.42,BUY,674,0.43,0.4500
2026-01-08T02:14:49.787092Z,price_change,0.4500,SELL,826,0.43,0.4500
2026-01-08T02:14:49.794125Z,price_change,0.6500,SELL,-287,0.43,0.4500
2026-01-08T02:14:49.796814Z,price_change,0.7100,SELL,229,0.43,0.4500
2026-01-08T02:14:49.811655Z,price_change,0.42,BUY,-2147,0.43,0.4500
2026-01-08T02:14:49.814563Z,price_change,0.43,BUY,-2172,0.42,0.4500
2026-01-08T02:14:49.827104Z,price_change,0.42,BUY,-674,0.39,0.4500
2026-01-08T02:14:49.827422Z,price_change,0.39,BUY,-165,0.39,0.4500
2026-01-08T02:14:49.839675Z,price_change,0.42,BUY,674,0.42,0.4500
2026-01-08T02:14:49.842279Z,price_change,0.42,BUY,-674,0.39,0.4500
2026-01-08T02:14:49.843649Z,price_change,0.4500,SELL,-826,0.39,0.4500
2026-01-08T02:14:49.852056Z,price_change,0.42,BUY,2147,0.42,0.4500
2026-01-08T02:14:49.853368Z,price_change,0.43,BUY,2147,0.43,0.4500
2026-01-08T02:14:49.855409Z,price_change,0.39,BUY,674,0.43,0.4500
2026-01-08T02:14:49.859326Z,price_change,0.4400,SELL,826,0.43,0.4400
2026-01-08T02:14:49.867533Z,price_change,0.39,BUY,-674,0.43,0.4400
2026-01-08T02:14:49.86978Z,price_change,0.39,BUY,165,0.43,0.4400
2026-01-08T02:14:49.870167Z,price_change,0.4400,SELL,-826,0.43,0.4500
2026-01-08T02:14:49.882517Z,price_change,0.42,BUY,674,0.43,0.4500
2026-01-08T02:14:49.883848Z,price_change,0.4500,SELL,826,0.43,0.4500
2026-01-08T02:14:49.888329Z,price_change,0.43,BUY,-2147,0.42,0.4500
2026-01-08T02:14:49.891927Z,price_change,0.42,BUY,-2147,0.42,0.4500
2026-01-08T02:14:49.904844Z,price_change,0.42,BUY,-674,0.39,0.4500
2026-01-08T02:14:49.910021Z,price_change,0.4600,SELL,-1,0.39,0.4500
2026-01-08T02:14:49.915631Z,price_change,0.4500,SELL,-826,0.39,0.4500
2026-01-08T02:14:49.919395Z,price_change,0.39,BUY,674,0.39,0.4500
2026-01-08T02:14:49.930622Z,price_change,0.4400,SELL,826,0.39,0.4400
2026-01-08T02:14:49.932947Z,price_change,0.39,BUY,-165,0.39,0.4400
2026-01-08T02:14:49.94046Z,price_change,0.38,BUY,-93,0.39,0.4400
2026-01-08T02:14:49.949871Z,price_change,0.39,BUY,2147,0.39,0.4400
2026-01-08T02:14:49.951223Z,price_change,0.38,BUY,500,0.39,0.4400
2026-01-08T02:14:49.951823Z,price_change,0.38,BUY,2147,0.39,0.4400
2026-01-08T02:14:49.95366Z,price_change,0.39,BUY,-247,0.39,0.4400
2026-01-08T02:14:49.963679Z,price_change,0.39,BUY,-674,0.39,0.4400
2026-01-08T02:14:49.965042Z,price_change,0.4600,SELL,-165,0.39,0.4400
2026-01-08T02:14:49.966896Z,price_change,0.9300,SELL,-4129,0.39,0.4400
2026-01-08T02:14:49.97177Z,price_change,0.38,BUY,93,0.39,0.4400
2026-01-08T02:14:49.972616Z,price_change,0.4,BUY,165,0.4,0.4400
2026-01-08T02:14:49.978731Z,price_change,0.4,BUY,674,0.4,0.4400
2026-01-08T02:14:49.980053Z,price_change,0.38,BUY,-2147,0.4,0.4400
2026-01-08T02:14:49.981337Z,price_change,0.4,BUY,247,0.4,0.4400
2026-01-08T02:14:49.985004Z,price_change,0.38,BUY,-500,0.4,0.4400
2026-01-08T02:14:49.985004Z,price_change,0.39,BUY,500,0.4,0.4400
2026-01-08T02:14:49.99882Z,price_change,0.39,BUY,-500,0.4,0.4400
2026-01-08T02:14:50.002899Z,price_change,0.4,BUY,-165,0.4,0.4400
2026-01-08T02:14:50.005781Z,price_change,0.9000,SELL,4129,0.4,0.4400
2026-01-08T02:14:50.020122Z,price_change,0.4600,SELL,-5,0.4,0.4400
2026-01-08T02:14:50.020122Z,price_change,0.4500,SELL,5,0.4,0.4400
2026-01-08T02:14:50.027686Z,price_change,0.39,BUY,-2147,0.4,0.4400
2026-01-08T02:14:50.028663Z,price_change,0.4500,SELL,165,0.4,0.4400
2026-01-08T02:14:50.033201Z,price_change,0.38,BUY,-93,0.4,0.4400
2026-01-08T02:14:50.033201Z,price_change,0.37,BUY,93,0.4,0.4400
2026-01-08T02:14:50.040808Z,price_change,0.41,BUY,165,0.41,0.4400
2026-01-08T02:14:50.050827Z,price_change,0.4,BUY,-674,0.41,0.4400
2026-01-08T02:14:50.063956Z,price_change,0.41,BUY,674,0.41,0.4400
2026-01-08T02:14:50.06869Z,price_change,0.4,BUY,2147,0.41,0.4400
2026-01-08T02:14:50.070321Z,price_change,0.41,BUY,2147,0.41,0.4400
2026-01-08T02:14:50.088392Z,price_change,0.41,BUY,-165,0.41,0.4400
2026-01-08T02:14:50.089281Z,price_change,0.4,BUY,-247,0.41,0.4400
2026-01-08T02:14:50.092656Z,price_change,0.38,BUY,500,0.41,0.4400
2026-01-08T02:14:50.101141Z,price_change,0.4,BUY,-2147,0.41,0.4400
2026-01-08T02:14:50.106337Z,price_change,0.38,BUY,-500,0.41,0.4400
2026-01-08T02:14:50.134292Z,price_change,0.4,BUY,57,0.41,0.4400
2026-01-08T02:14:50.136193Z,price_change,0.4400,SELL,50,0.41,0.4400
2026-01-08T02:14:50.143703Z,price_change,0.36,BUY,247,0.41,0.4400
2026-01-08T02:14:50.144683Z,price_change,0.42,BUY,165,0.42,0.4400
2026-01-08T02:14:50.21714Z,price_change,0.4500,SELL,-1,0.42,0.4400
2026-01-08T02:14:50.21714Z,price_change,0.4400,SELL,1,0.42,0.4400
2026-01-08T02:14:50.218294Z,price_change,0.42,BUY,2147,0.42,0.4400
2026-01-08T02:14:50.251663Z,price_change,0.4400,SELL,-200,0.42,0.4400
1767838490,last_trade_price,0.44,BUY,200,0.42,0.4400
2026-01-08T02:14:50.263917Z,price_change,0.41,BUY,-674,0.42,0.4400
2026-01-08T02:14:50.26673Z,price_change,0.4400,SELL,-626,0.42,0.4400
2026-01-08T02:14:50.280011Z,price_change,0.42,BUY,774,0.42,0.4400
2026-01-08T02:14:50.282983Z,price_change,0.4500,SELL,726,0.42,0.4400
2026-01-08T02:14:50.306836Z,price_change,0.41,BUY,-2147,0.42,0.4400
2026-01-08T02:14:50.307889Z,price_change,0.42,BUY,-2147,0.42,0.4400
2026-01-08T02:14:50.309952Z,price_change,0.42,BUY,-165,0.42,0.4400
2026-01-08T02:14:50.32618Z,price_change,0.42,BUY,-774,0.4,0.4400
2026-01-08T02:14:50.332142Z,price_change,0.38,BUY,500,0.4,0.4400
2026-01-08T02:14:50.339405Z,price_change,0.42,BUY,774,0.42,0.4400
2026-01-08T02:14:50.344078Z,price_change,0.42,BUY,-774,0.4,0.4400
2026-01-08T02:14:50.346756Z,price_change,0.4500,SELL,-726,0.4,0.4400
2026-01-08T02:14:50.347999Z,price_change,0.42,BUY,165,0.42,0.4400
2026-01-08T02:14:50.350057Z,price_change,0.42,BUY,2147,0.42,0.4400
2026-01-08T02:14:50.350172Z,price_change,0.41,BUY,2147,0.42,0.4400
2026-01-08T02:14:50.361926Z,price_change,0.4,BUY,774,0.42,0.4400
2026-01-08T02:14:50.363329Z,price_change,0.4400,SELL,726,0.42,0.4400
2026-01-08T02:14:50.364371Z,price_change,0.4,BUY,-774,0.42,0.4400
2026-01-08T02:14:50.365279Z,price_change,0.4400,SELL,-726,0.42,0.4400
2026-01-08T02:14:50.377091Z,price_change,0.42,BUY,774,0.42,0.4400
2026-01-08T02:14:50.377469Z,price_change,0.38,BUY,-500,0.42,0.4400
2026-01-08T02:14:50.380696Z,price_change,0.4500,SELL,726,0.42,0.4400
2026-01-08T02:14:50.385217Z,price_change,0.41,BUY,-2147,0.42,0.4400
2026-01-08T02:14:50.385308Z,price_change,0.42,BUY,-2147,0.42,0.4400
2026-01-08T02:14:50.386357Z,price_change,0.42,BUY,-165,0.42,0.4400
2026-01-08T02:14:50.387111Z,price_change,0.4,BUY,7,0.42,0.4400
2026-01-08T02:14:50.38862Z,price_change,0.4400,SELL,6,0.42,0.4400
2026-01-08T02:14:50.398983Z,price_change,0.42,BUY,-774,0.4,0.4400
2026-01-08T02:14:50.402918Z,price_change,0.36,BUY,-247,0.4,0.4400
2026-01-08T02:14:50.408616Z,price_change,0.4,BUY,-57,0.4,0.4400
2026-01-08T02:14:50.409061Z,price_change,0.42,BUY,774,0.42,0.4400
2026-01-08T02:14:50.41138Z,price_change,0.9900,SELL,15000,0.42,0.4400
2026-01-08T02:14:50.412833Z,price_change,0.42,BUY,-774,0.4,0.4400
2026-01-08T02:14:50.413795Z,price_change,0.38,BUY,500,0.4,0.4400
2026-01-08T02:14:50.415794Z,price_change,0.4500,SELL,-726,0.4,0.4400
2026-01-08T02:14:50.423855Z,price_change,0.42,BUY,774,0.42,0.4400
2026-01-08T02:14:50.426697Z,price_change,0.42,BUY,-774,0.4,0.4400
2026-01-08T02:14:50.431737Z,price_change,0.4400,SELL,726,0.4,0.4400
2026-01-08T02:14:50.434555Z,price_change,0.4400,SELL,-726,0.4,0.4400
2026-01-08T02:14:50.443183Z,price_change,0.38,BUY,-500,0.4,0.4400
2026-01-08T02:14:50.443907Z,price_change,0.4,BUY,774,0.4,0.4400
2026-01-08T02:14:50.445016Z,price_change,0.4,BUY,-774,0.4,0.4400
2026-01-08T02:14:50.453185Z,price_change,0.4400,SELL,726,0.4,0.4400
2026-01-08T02:14:50.454897Z,price_change,0.37,BUY,-81,0.4,0.4400
2026-01-08T02:14:50.460038Z,price_change,0.41,BUY,2147,0.41,0.4400
2026-01-08T02:14:50.460356Z,price_change,0.39,BUY,247,0.41,0.4400
2026-01-08T02:14:50.463895Z,price_change,0.42,BUY,165,0.42,0.4400
2026-01-08T02:14:50.463895Z,price_change,0.39,BUY,774,0.42,0.4400
2026-01-08T02:14:50.463991Z,price_change,0.42,BUY,2147,0.42,0.4400
2026-01-08T02:14:50.465311Z,price_change,0.39,BUY,-774,0.42,0.4400
2026-01-08T02:14:50.467909Z,price_change,0.39,BUY,7,0.42,0.4400
2026-01-08T02:14:50.474253Z,price_change,0.4400,SELL,-726,0.42,0.4400
2026-01-08T02:14:50.475386Z,price_change,0.37,BUY,500,0.42,0.4400
2026-01-08T02:14:50.479965Z,price_change,0.42,BUY,774,0.42,0.4400
2026-01-08T02:14:50.485464Z,price_change,0.4500,SELL,726,0.42,0.4400
2026-01-08T02:14:50.495244Z,price_change,0.42,BUY,-774,0.42,0.4400
2026-01-08T02:14:50.496209Z,price_change,0.4500,SELL,-726,0.42,0.4400
2026-01-08T02:14:50.499945Z,price_change,0.37,BUY,-500,0.42,0.4400
2026-01-08T02:14:50.506269Z,price_change,0.4,BUY,-7,0.42,0.4400
2026-01-08T02:14:50.506999Z,price_change,0.37,BUY,-12,0.42,0.4400
2026-01-08T02:14:50.507563Z,price_change,0.42,BUY,-2147,0.42,0.4400
2026-01-08T02:14:50.508515Z,price_change,0.41,BUY,-2147,0.42,0.4400
2026-01-08T02:14:50.509827Z,price_change,0.42,BUY,-165,0.39,0.4400
2026-01-08T02:14:50.510969Z,price_change,0.4,BUY,774,0.4,0.4400
2026-01-08T02:14:50.511581Z,price_change,0.39,BUY,-247,0.4,0.4400
2026-01-08T02:14:50.512132Z,price_change,0.4400,SELL,726,0.4,0.4400
2026-01-08T02:14:50.51651Z,price_change,0.4200,SELL,100,0.4,0.4200
2026-01-08T02:14:50.518431Z,price_change,0.35,BUY,7,0.4,0.4200
2026-01-08T02:14:50.518431Z,price_change,0.4300,SELL,100,0.4,0.4200
2026-01-08T02:14:50.520258Z,price_change,0.4100,SELL,52,0.4,0.4100
2026-01-08T02:14:50.522836Z,price_change,0.4,BUY,-774,0.39,0.4100
2026-01-08T02:14:50.526981Z,price_change,0.4400,SELL,-726,0.39,0.4100
2026-01-08T02:14:50.533712Z,price_change,0.39,BUY,774,0.39,0.4100
2026-01-08T02:14:50.539577Z,price_change,0.4200,SELL,726,0.39,0.4100
2026-01-08T02:14:50.54081Z,price_change,0.4800,SELL,-247,0.39,0.4100
2026-01-08T02:14:50.541547Z,price_change,0.36,BUY,165,0.39,0.4100
2026-01-08T02:14:50.542143Z,price_change,0.36,BUY,247,0.39,0.4100
2026-01-08T02:14:50.543686Z,price_change,0.36,BUY,500,0.39,0.4100
2026-01-08T02:14:50.548425Z,price_change,0.8200,SELL,-117,0.39,0.4100
2026-01-08T02:14:50.559391Z,price_change,0.35,BUY,86,0.39,0.4100
2026-01-08T02:14:50.56313Z,price_change,0.4600,SELL,-2147,0.39,0.4100
2026-01-08T02:14:50.564409Z,price_change,0.36,BUY,2147,0.39,0.4100
2026-01-08T02:14:50.565117Z,price_change,0.35,BUY,2147,0.39,0.4100
2026-01-08T02:14:50.565186Z,price_change,0.4500,SELL,-2147,0.39,0.4100
2026-01-08T02:14:50.566501Z,price_change,0.4700,SELL,-2147,0.39,0.4100
2026-01-08T02:14:50.572178Z,price_change,0.36,BUY,-500,0.39,0.4100
2026-01-08T02:14:50.57658Z,price_change,0.4700,SELL,247,0.39,0.4100
2026-01-08T02:14:50.577042Z,price_change,0.36,BUY,-165,0.39,0.4100
2026-01-08T02:14:50.578298Z,price_change,0.36,BUY,-247,0.39,0.4100
2026-01-08T02:14:50.585222Z,price_change,0.39,BUY,-7,0.39,0.4100
2026-01-08T02:14:50.588234Z,price_change,0.4100,SELL,-25,0.39,0.4100
1767838490,last_trade_price,0.41,BUY,25,0.39,0.4100
2026-01-08T02:14:50.589893Z,price_change,0.34,BUY,-150,0.39,0.4100
2026-01-08T02:14:50.593525Z,price_change,0.4500,SELL,-5,0.39,0.4100
2026-01-08T02:14:50.593525Z,price_change,0.4400,SELL,22,0.39,0.4100
2026-01-08T02:14:50.60059Z,price_change,0.4400,SELL,2147,0.39,0.4100
2026-01-08T02:14:50.600883Z,price_change,0.35,BUY,-2147,0.39,0.4100
2026-01-08T02:14:50.602429Z,price_change,0.36,BUY,-2147,0.39,0.4100
2026-01-08T02:14:50.611652Z,price_change,0.39,BUY,247,0.39,0.4100
2026-01-08T02:14:50.6118Z,price_change,0.4,BUY,165,0.4,0.4100
2026-01-08T02:14:50.615766Z,price_change,0.4500,SELL,-31411,0.4,0.4100
2026-01-08T02:14:50.629159Z,price_change,0.36,BUY,500,0.4,0.4100
2026-01-08T02:14:50.629302Z,price_change,0.34,BUY,13,0.4,0.4100
2026-01-08T02:14:50.645132Z,price_change,0.4200,SELL,-100,0.4,0.4100
2026-01-08T02:14:50.64673Z,price_change,0.4300,SELL,-100,0.4,0.4100
2026-01-08T02:14:50.649499Z,price_change,0.36,BUY,7,0.4,0.4100
2026-01-08T02:14:50.649771Z,price_change,0.09,BUY,-660,0.4,0.4100
2026-01-08T02:14:50.654726Z,price_change,0.39,BUY,2147,0.4,0.4100
2026-01-08T02:14:50.666899Z,price_change,0.4400,SELL,-6,0.4,0.4100
2026-01-08T02:14:50.668408Z,price_change,0.36,BUY,-500,0.4,0.4100
2026-01-08T02:14:50.672036Z,price_change,0.4400,SELL,-1,0.4,0.4100
2026-01-08T02:14:50.672036Z,price_change,0.4300,SELL,1,0.4,0.4100
2026-01-08T02:14:50.672737Z,price_change,0.4,BUY,2147,0.4,0.4100
2026-01-08T02:14:50.684215Z,price_change,0.4400,SELL,2147,0.4,0.4100
2026-01-08T02:14:50.690654Z,price_change,0.08,BUY,660,0.4,0.4100
2026-01-08T02:14:50.711218Z,price_change,0.35,BUY,-86,0.4,0.4100
2026-01-08T02:14:50.755724Z,price_change,0.4400,SELL,2147,0.4,0.4100
2026-01-08T02:14:50.800968Z,price_change,0.35,BUY,86,0.4,0.4100
2026-01-08T02:14:50.82209Z,price_change,0.9900,SELL,-15000,0.4,0.4100
2026-01-08T02:14:50.887803Z,price_change,0.36,BUY,-7,0.4,0.4100
2026-01-08T02:14:50.963825Z,price_change,0.4500,SELL,-165,0.4,0.4100
2026-01-08T02:14:50.965318Z,price_change,0.9000,SELL,-4129,0.4,0.4100
2026-01-08T02:14:50.978078Z,price_change,0.8300,SELL,163,0.4,0.4100
2026-01-08T02:14:51.000938Z,price_change,0.4400,SELL,165,0.4,0.4100
2026-01-08T02:14:51.002192Z,price_change,0.8900,SELL,4129,0.4,0.4100
2026-01-08T02:14:51.002852Z,price_change,0.39,BUY,-247,0.4,0.4100
2026-01-08T02:14:51.041528Z,price_change,0.36,BUY,247,0.4,0.4100
2026-01-08T02:14:51.06076Z,price_change,0.4300,SELL,-1,0.4,0.4100
2026-01-08T02:14:51.06076Z,price_change,0.4200,SELL,1,0.4,0.4100
2026-01-08T02:14:51.061633Z,price_change,0.4400,SELL,-22,0.4,0.4100
2026-01-08T02:14:51.061633Z,price_change,0.4300,SELL,21,0.4,0.4100
2026-01-08T02:14:51.221245Z,price_change,0.4100,SELL,-27,0.4,0.4200
2026-01-08T02:14:51.234625Z,price_change,0.39,BUY,-774,0.4,0.4200
2026-01-08T02:14:51.235699Z,price_change,0.4200,SELL,-726,0.4,0.4200
2026-01-08T02:14:51.244123Z,price_change,0.4,BUY,774,0.4,0.4200
2026-01-08T02:14:51.247839Z,price_change,0.4300,SELL,726,0.4,0.4200
2026-01-08T02:14:51.257857Z,price_change,0.4200,SELL,52,0.4,0.4200
2026-01-08T02:14:51.270379Z,price_change,0.4500,SELL,-2147,0.4,0.4200
2026-01-08T02:14:51.271638Z,price_change,0.4600,SELL,-2147,0.4,0.4200
2026-01-08T02:14:51.272982Z,price_change,0.4700,SELL,-247,0.4,0.4200
2026-01-08T02:14:51.29192Z,price_change,0.4,BUY,-165,0.4,0.4200
2026-01-08T02:14:51.313029Z,price_change,0.39,BUY,-2147,0.4,0.4200
2026-01-08T02:14:51.318609Z,price_change,0.4200,SELL,-1,0.4,0.4200
2026-01-08T02:14:51.318609Z,price_change,0.4300,SELL,1,0.4,0.4200
2026-01-08T02:14:51.321571Z,price_change,0.4400,SELL,-2147,0.4,0.4200
2026-01-08T02:14:51.340566Z,price_change,0.08,BUY,-660,0.4,0.4200
2026-01-08T02:14:51.342351Z,price_change,0.41,BUY,165,0.41,0.4200
2026-01-08T02:14:51.365607Z,price_change,0.41,BUY,2147,0.41,0.4200
2026-01-08T02:14:51.380875Z,price_change,0.4600,SELL,247,0.41,0.4200
2026-01-08T02:14:51.385166Z,price_change,0.4300,SELL,2147,0.41,0.4200
2026-01-08T02:14:51.405258Z,price_change,0.07,BUY,660,0.41,0.4200
2026-01-08T02:14:51.423889Z,price_change,0.4300,SELL,2147,0.41,0.4200
2026-01-08T02:14:51.634466Z,price_change,0.4200,SELL,-24,0.41,0.4200
1767838491,last_trade_price,0.42,BUY,24,0.41,0.4200
2026-01-08T02:14:51.655858Z,price_change,0.35,BUY,-93,0.41,0.4200
2026-01-08T02:14:51.655858Z,price_change,0.36,BUY,93,0.41,0.4200
2026-01-08T02:14:51.702175Z,price_change,0.4300,SELL,2147,0.41,0.4200
2026-01-08T02:14:51.709567Z,price_change,0.4200,SELL,-28,0.41,0.4300
2026-01-08T02:14:51.709567Z,price_change,0.4300,SELL,-21,0.41,0.4300
2026-01-08T02:14:51.709567Z,price_change,0.4300,SELL,-6,0.41,0.4300
1767838491,last_trade_price,0.42,BUY,28,0.41,0.4300
1767838491,last_trade_price,0.43,BUY,21,0.41,0.4300
1767838491,last_trade_price,0.43,BUY,6,0.41,0.4300
2026-01-08T02:14:51.986423Z,price_change,0.4300,SELL,4,0.41,0.4300
2026-01-08T02:14:52.142394Z,price_change,0.4300,SELL,-100,0.41,0.4300
1767838492,last_trade_price,0.43,BUY,100,0.41,0.4300
2026-01-08T02:14:52.288233Z,price_change,0.4200,SELL,52,0.41,0.4200
2026-01-08T02:14:52.335003Z,price_change,0.4300,SELL,5,0.41,0.4200
2026-01-08T02:14:52.928512Z,price_change,0.4500,SELL,-800,0.41,0.4200
2026-01-08T02:14:52.928512Z,price_change,0.4400,SELL,800,0.41,0.4200
2026-01-08T02:14:53.119119Z,price_change,0.41,BUY,-165,0.41,0.4200
2026-01-08T02:14:53.153519Z,price_change,0.41,BUY,2500,0.41,0.4200
2026-01-08T02:14:53.180489Z,price_change,0.4,BUY,165,0.41,0.4200
2026-01-08T02:14:53.442685Z,price_change,0.4200,SELL,-2,0.41,0.4200
1767838493,last_trade_price,0.42,BUY,2,0.41,0.4200
2026-01-08T02:14:53.500494Z,price_change,0.41,BUY,-1302,0.41,0.4200
1767838493,last_trade_price,0.59,SELL,1302,0.41,0.4200
2026-01-08T02:14:53.524027Z,price_change,0.4200,SELL,2,0.41,0.4200
2026-01-08T02:14:53.71375Z,price_change,0.4300,SELL,19,0.41,0.4200
2026-01-08T02:14:53.747656Z,price_change,0.4300,SELL,-5,0.41,0.4200
2026-01-08T02:14:53.815284Z,price_change,0.41,BUY,1878,0.41,0.4200
2026-01-08T02:14:53.825821Z,price_change,0.4200,SELL,-19,0.41,0.4200
1767838493,last_trade_price,0.42,BUY,19,0.41,0.4200
2026-01-08T02:14:54.202352Z,price_change,0.4,BUY,-774,0.41,0.4200
2026-01-08T02:14:54.203449Z,price_change,0.4300,SELL,-620,0.41,0.4200
2026-01-08T02:14:54.220138Z,price_change,0.41,BUY,1190,0.41,0.4200
2026-01-08T02:14:54.221233Z,price_change,0.4400,SELL,310,0.41,0.4200
2026-01-08T02:14:54.23756Z,price_change,0.4400,SELL,-310,0.41,0.4200
2026-01-08T02:14:54.251986Z,price_change,0.4500,SELL,310,0.41,0.4200
2026-01-08T02:14:54.254767Z,price_change,0.4,BUY,-165,0.41,0.4200
2026-01-08T02:14:54.31208Z,price_change,0.41,BUY,164,0.41,0.4200
2026-01-08T02:14:54.312483Z,price_change,0.4300,SELL,-2147,0.41,0.4200
2026-01-08T02:14:54.343115Z,price_change,0.36,BUY,-93,0.41,0.4200
2026-01-08T02:14:54.343115Z,price_change,0.37,BUY,93,0.41,0.4200
2026-01-08T02:14:54.349704Z,price_change,0.41,BUY,-2500,0.41,0.4200
2026-01-08T02:14:54.385694Z,price_change,0.4300,SELL,-2147,0.41,0.4200
2026-01-08T02:14:54.388688Z,price_change,0.39,BUY,2500,0.41,0.4200
2026-01-08T02:14:54.409105Z,price_change,0.41,BUY,-25,0.41,0.4200
1767838494,last_trade_price,0.59,SELL,25,0.41,0.4200
2026-01-08T02:14:54.425758Z,price_change,0.34,BUY,-165,0.41,0.4200
2026-01-08T02:14:54.441594Z,price_change,0.4500,SELL,-310,0.41,0.4200
2026-01-08T02:14:54.45053Z,price_change,0.07,BUY,-660,0.41,0.4200
2026-01-08T02:14:54.450994Z,price_change,0.39,BUY,-2500,0.41,0.4200
2026-01-08T02:14:54.459728Z,price_change,0.4400,SELL,310,0.41,0.4200
2026-01-08T02:14:54.464973Z,price_change,0.4,BUY,164,0.41,0.4200
2026-01-08T02:14:54.490896Z,price_change,0.08,BUY,658,0.41,0.4200
2026-01-08T02:14:54.521216Z,price_change,0.4400,SELL,-310,0.41,0.4200
2026-01-08T02:14:54.533264Z,price_change,0.4,BUY,-164,0.41,0.4200
2026-01-08T02:14:54.538235Z,price_change,0.4300,SELL,-2147,0.41,0.4200
2026-01-08T02:14:54.541805Z,price_change,0.4500,SELL,310,0.41,0.4200
2026-01-08T02:14:54.561892Z,price_change,0.34,BUY,164,0.41,0.4200
2026-01-08T02:14:54.56559Z,price_change,0.41,BUY,-1878,0.41,0.4200
2026-01-08T02:14:54.577853Z,price_change,0.4500,SELL,2141,0.41,0.4200
2026-01-08T02:14:54.578709Z,price_change,0.4400,SELL,2141,0.41,0.4200
2026-01-08T02:14:54.578804Z,price_change,0.4600,SELL,2141,0.41,0.4200
2026-01-08T02:14:54.587941Z,price_change,0.37,BUY,-93,0.41,0.4200
2026-01-08T02:14:54.587941Z,price_change,0.36,BUY,93,0.41,0.4200
2026-01-08T02:14:54.594564Z,price_change,0.4600,SELL,-247,0.41,0.4200
2026-01-08T02:14:54.639311Z,price_change,0.4700,SELL,247,0.41,0.4200
2026-01-08T02:14:54.642649Z,price_change,0.39,BUY,1821,0.41,0.4200
2026-01-08T02:14:54.701615Z,price_change,0.4200,SELL,19,0.41,0.4200
