timestamp,event_type,price,side,size,best_bid,best_ask
,book,0.0800,BUY,460,0.0800,0.11
,book,0.11,SELL,8562,0.0800,0.11
,book,0.0700,BUY,6425,0.0700,0.09
,book,0.09,SELL,44898,0.0700,0.09
2026-01-08T02:14:13.981538Z,price_change,0.0900,SELL,7,0.07,0.0900
2026-01-08T02:14:14.016246Z,price_change,0.0900,SELL,-7,0.07,0.0900
2026-01-08T02:14:14.02959Z,price_change,0.1100,SELL,-2477,0.07,0.0900
2026-01-08T02:14:14.032555Z,price_change,0.0900,SELL,-2477,0.07,0.0900
2026-01-08T02:14:14.032874Z,price_change,0.1000,SELL,-2477,0.07,0.0900
2026-01-08T02:14:14.074424Z,price_change,0.0800,SELL,2461,0.07,0.0800
2026-01-08T02:14:14.089421Z,price_change,0.07,BUY,-754,0.07,0.0800
2026-01-08T02:14:14.090645Z,price_change,0.1000,SELL,-746,0.07,0.0800
2026-01-08T02:14:14.103378Z,price_change,0.06,BUY,754,0.07,0.0800
2026-01-08T02:14:14.105984Z,price_change,0.0900,SELL,746,0.07,0.0800
2026-01-08T02:14:14.107173Z,price_change,0.2100,SELL,-970,0.07,0.0800
2026-01-08T02:14:14.107173Z,price_change,0.2000,SELL,970,0.07,0.0800
2026-01-08T02:14:14.114136Z,price_change,0.1800,SELL,-750,0.07,0.0800
2026-01-08T02:14:14.114136Z,price_change,0.1700,SELL,750,0.07,0.0800
2026-01-08T02:14:14.132823Z,price_change,0.0800,SELL,404,0.07,0.0800
2026-01-08T02:14:14.663549Z,price_change,0.0800,SELL,-100,0.07,0.0800
1767838454,last_trade_price,0.08,BUY,100,0.07,0.0800
2026-01-08T02:14:14.711054Z,price_change,0.0900,SELL,8,0.07,0.0800
2026-01-08T02:14:14.74131Z,price_change,0.0900,SELL,-7,0.07,0.0800
2026-01-08T02:14:15.19541Z,price_change,0.07,BUY,-2500,0.07,0.0800
2026-01-08T02:14:15.226283Z,price_change,0.0900,SELL,-7500,0.07,0.0800
2026-01-08T02:14:15.696921Z,price_change,0.0800,SELL,2461,0.07,0.0800
2026-01-08T02:14:15.69731Z,price_change,0.1200,SELL,-284,0.07,0.0800
2026-01-08T02:14:15.698047Z,price_change,0.07,BUY,-190,0.07,0.0800
2026-01-08T02:14:15.737422Z,price_change,0.1100,SELL,284,0.07,0.0800
2026-01-08T02:14:15.737894Z,price_change,0.06,BUY,189,0.07,0.0800
2026-01-08T02:14:15.868399Z,price_change,0.0900,SELL,9,0.07,0.0800
2026-01-08T02:14:15.871612Z,price_change,0.0900,SELL,-8,0.07,0.0800
2026-01-08T02:14:17.202367Z,price_change,0.0800,SELL,19321,0.07,0.0800
2026-01-08T02:14:17.234001Z,price_change,0.0800,SELL,2461,0.07,0.0800
2026-01-08T02:14:17.272608Z,price_change,0.0800,SELL,-9661,0.07,0.0800
2026-01-08T02:14:17.290918Z,price_change,0.0900,SELL,-1,0.07,0.0800
2026-01-08T02:14:17.290918Z,price_change,0.0800,SELL,3,0.07,0.0800
2026-01-08T02:14:17.299569Z,price_change,0.0900,SELL,-9,0.07,0.0800
2026-01-08T02:14:17.432144Z,price_change,0.0900,SELL,-2477,0.07,0.0800
2026-01-08T02:14:17.432317Z,price_change,0.0900,SELL,-2477,0.07,0.0800
2026-01-08T02:14:17.432846Z,price_change,0.04,BUY,-285,0.07,0.0800
2026-01-08T02:14:17.433305Z,price_change,0.06,BUY,-189,0.07,0.0800
2026-01-08T02:14:17.433565Z,price_change,0.0800,SELL,-2361,0.07,0.0800
2026-01-08T02:14:17.433781Z,price_change,0.06,BUY,-189,0.07,0.0800
2026-01-08T02:14:17.434779Z,price_change,0.06,BUY,-2477,0.07,0.0800
2026-01-08T02:14:17.434941Z,price_change,0.1100,SELL,-284,0.07,0.0800
2026-01-08T02:14:17.435323Z,price_change,0.07,BUY,-1981,0.07,0.0800
2026-01-08T02:14:17.436215Z,price_change,0.0800,SELL,-2461,0.07,0.0800
2026-01-08T02:14:17.43665Z,price_change,0.5400,SELL,-4764,0.07,0.0800
2026-01-08T02:14:17.442048Z,price_change,0.0900,SELL,-190,0.07,0.0800
2026-01-08T02:14:17.444282Z,price_change,0.0800,SELL,-2461,0.07,0.0800
2026-01-08T02:14:17.458385Z,price_change,0.1000,SELL,-2461,0.07,0.0800
2026-01-08T02:14:17.464394Z,price_change,0.0800,SELL,7500,0.07,0.0800
2026-01-08T02:14:17.471891Z,price_change,0.4900,SELL,-762,0.07,0.0800
2026-01-08T02:14:17.530927Z,price_change,0.3800,SELL,2461,0.07,0.0800
2026-01-08T02:14:17.532997Z,price_change,0.4000,SELL,2461,0.07,0.0800
2026-01-08T02:14:17.533775Z,price_change,0.3800,SELL,2461,0.07,0.0800
2026-01-08T02:14:17.535216Z,price_change,0.3900,SELL,2461,0.07,0.0800
2026-01-08T02:14:17.536361Z,price_change,0.0800,SELL,1,0.07,0.0800
2026-01-08T02:14:17.556903Z,price_change,0.3800,SELL,2461,0.07,0.0800
2026-01-08T02:14:17.557802Z,price_change,0.3900,SELL,2461,0.07,0.0800
2026-01-08T02:14:17.941685Z,price_change,0.1000,SELL,-50,0.07,0.0800
2026-01-08T02:14:17.943527Z,price_change,0.0900,SELL,-50,0.07,0.0800
2026-01-08T02:14:17.995678Z,price_change,0.1000,SELL,-300,0.07,0.0800
2026-01-08T02:14:17.996604Z,price_change,0.05,BUY,-125,0.07,0.0800
2026-01-08T02:14:18.189639Z,price_change,0.05,BUY,-200,0.07,0.0800
2026-01-08T02:14:18.190834Z,price_change,0.0900,SELL,-200,0.07,0.0800
2026-01-08T02:14:18.370039Z,price_change,0.0800,SELL,-404,0.07,0.0800
2026-01-08T02:14:18.370039Z,price_change,0.0800,SELL,-596,0.07,0.0800
2026-01-08T02:14:18.370039Z,price_change,0.07,BUY,-1000,0.06,0.0800
1767838458,last_trade_price,0.08,BUY,404,0.06,0.0800
1767838458,last_trade_price,0.08,BUY,596,0.06,0.0800
2026-01-08T02:14:18.394399Z,price_change,0.03,BUY,-448,0.06,0.0800
2026-01-08T02:14:18.737726Z,price_change,0.0800,SELL,-5,0.06,0.0800
1767838458,last_trade_price,0.08,BUY,5,0.06,0.0800
2026-01-08T02:14:18.809695Z,price_change,0.3800,SELL,-2461,0.06,0.0800
2026-01-08T02:14:18.809706Z,price_change,0.3900,SELL,-2461,0.06,0.0800
2026-01-08T02:14:18.809928Z,price_change,0.4000,SELL,-2461,0.06,0.0800
2026-01-08T02:14:18.811951Z,price_change,0.01,BUY,958,0.06,0.0800
2026-01-08T02:14:18.812984Z,price_change,0.3800,SELL,-2461,0.06,0.0800
2026-01-08T02:14:18.813547Z,price_change,0.5400,SELL,110,0.06,0.0800
2026-01-08T02:14:18.814335Z,price_change,0.6700,SELL,73,0.06,0.0800
2026-01-08T02:14:18.814624Z,price_change,0.3900,SELL,-2461,0.06,0.0800
2026-01-08T02:14:18.814832Z,price_change,0.02,BUY,958,0.06,0.0800
2026-01-08T02:14:18.81486Z,price_change,0.3800,SELL,-2461,0.06,0.0800
2026-01-08T02:14:18.855001Z,price_change,0.1300,SELL,958,0.06,0.0800
2026-01-08T02:14:18.857695Z,price_change,0.1200,SELL,958,0.06,0.0800
2026-01-08T02:14:18.858237Z,price_change,0.1200,SELL,958,0.06,0.0800
2026-01-08T02:14:18.858637Z,price_change,0.1400,SELL,958,0.06,0.0800
2026-01-08T02:14:18.859456Z,price_change,0.1200,SELL,958,0.06,0.0800
2026-01-08T02:14:18.859779Z,price_change,0.1300,SELL,958,0.06,0.0800
2026-01-08T02:14:18.925692Z,price_change,0.1300,SELL,-958,0.06,0.0800
2026-01-08T02:14:18.926321Z,price_change,0.01,BUY,-958,0.06,0.0800
2026-01-08T02:14:18.926745Z,price_change,0.02,BUY,-958,0.06,0.0800
2026-01-08T02:14:18.927144Z,price_change,0.1400,SELL,-958,0.06,0.0800
2026-01-08T02:14:18.92732Z,price_change,0.1200,SELL,-958,0.06,0.0800
2026-01-08T02:14:18.927913Z,price_change,0.1300,SELL,-958,0.06,0.0800
2026-01-08T02:14:18.928748Z,price_change,0.1200,SELL,-958,0.06,0.0800
2026-01-08T02:14:18.929104Z,price_change,0.01,BUY,-5718,0.06,0.0800
2026-01-08T02:14:18.974939Z,price_change,0.1100,SELL,958,0.06,0.0800
2026-01-08T02:14:18.975265Z,price_change,0.1000,SELL,958,0.06,0.0800
2026-01-08T02:14:18.977056Z,price_change,0.1100,SELL,958,0.06,0.0800
2026-01-08T02:14:18.977264Z,price_change,0.1000,SELL,958,0.06,0.0800
2026-01-08T02:14:19.001288Z,price_change,0.01,BUY,94,0.06,0.0800
2026-01-08T02:14:19.001748Z,price_change,0.02,BUY,1226,0.06,0.0800
2026-01-08T02:14:19.003383Z,price_change,0.01,BUY,1226,0.06,0.0800
2026-01-08T02:14:19.003525Z,price_change,0.5400,SELL,-110,0.06,0.0800
2026-01-08T02:14:19.010459Z,price_change,0.1100,SELL,-958,0.06,0.0800
2026-01-08T02:14:19.010783Z,price_change,0.1200,SELL,-958,0.06,0.0800
2026-01-08T02:14:19.011344Z,price_change,0.1100,SELL,-958,0.06,0.0800
2026-01-08T02:14:19.013233Z,price_change,0.1000,SELL,-958,0.06,0.0800
2026-01-08T02:14:19.041024Z,price_change,0.3900,SELL,141,0.06,0.0800
2026-01-08T02:14:19.045269Z,price_change,0.0900,SELL,1226,0.06,0.0800
2026-01-08T02:14:19.045844Z,price_change,0.0800,SELL,1226,0.06,0.0800
2026-01-08T02:14:19.048307Z,price_change,0.0800,SELL,1226,0.06,0.0800
2026-01-08T02:14:19.050044Z,price_change,0.0900,SELL,1226,0.06,0.0800
2026-01-08T02:14:19.050099Z,price_change,0.0800,SELL,1226,0.06,0.0800
2026-01-08T02:14:19.16288Z,price_change,0.3800,SELL,691,0.06,0.0800
2026-01-08T02:14:19.16745Z,price_change,0.05,BUY,691,0.06,0.0800
2026-01-08T02:14:19.198237Z,price_change,0.3900,SELL,-141,0.06,0.0800
2026-01-08T02:14:19.199325Z,price_change,0.01,BUY,-1226,0.06,0.0800
2026-01-08T02:14:19.204034Z,price_change,0.0900,SELL,-9518,0.06,0.0800
2026-01-08T02:14:19.205929Z,price_change,0.0900,SELL,-10000,0.06,0.0800
2026-01-08T02:14:19.207738Z,price_change,0.0900,SELL,-10000,0.06,0.0800
2026-01-08T02:14:19.227857Z,price_change,0.03,BUY,1226,0.06,0.0800
2026-01-08T02:14:19.228036Z,price_change,0.3700,SELL,141,0.06,0.0800
2026-01-08T02:14:19.297734Z,price_change,0.05,BUY,-5000,0.06,0.0800
2026-01-08T02:14:19.297734Z,price_change,0.04,BUY,5000,0.06,0.0800
2026-01-08T02:14:19.324596Z,price_change,0.6400,SELL,142,0.06,0.0800
2026-01-08T02:14:19.335351Z,price_change,0.0800,SELL,-1226,0.06,0.0800
2026-01-08T02:14:19.367137Z,price_change,0.0800,SELL,-1226,0.06,0.0800
2026-01-08T02:14:19.472839Z,price_change,0.1000,SELL,-5000,0.06,0.0800
2026-01-08T02:14:19.472839Z,price_change,0.0900,SELL,5000,0.06,0.0800
2026-01-08T02:14:19.520448Z,price_change,0.0800,SELL,-1226,0.06,0.0800
2026-01-08T02:14:19.556813Z,price_change,0.0900,SELL,1226,0.06,0.0800
2026-01-08T02:14:19.557183Z,price_change,0.1100,SELL,1226,0.06,0.0800
2026-01-08T02:14:19.557301Z,price_change,0.1000,SELL,1226,0.06,0.0800
2026-01-08T02:14:19.625476Z,price_change,0.06,BUY,516,0.06,0.0800
2026-01-08T02:14:19.648607Z,price_change,0.1000,SELL,516,0.06,0.0800
2026-01-08T02:14:20.51238Z,price_change,0.06,BUY,-516,0.06,0.0800
2026-01-08T02:14:20.545172Z,price_change,0.1000,SELL,94,0.06,0.0800
2026-01-08T02:14:22.000091Z,price_change,0.3800,SELL,-691,0.06,0.0800
2026-01-08T02:14:22.000091Z,price_change,0.05,BUY,-691,0.06,0.0800
2026-01-08T02:14:22.065404Z,price_change,0.3700,SELL,-141,0.06,0.0800
2026-01-08T02:14:22.102811Z,price_change,0.3900,SELL,141,0.06,0.0800
2026-01-08T02:14:22.205668Z,price_change,0.0800,SELL,-9059,0.06,0.0800
2026-01-08T02:14:22.527163Z,price_change,0.01,BUY,-2000,0.06,0.0800
2026-01-08T02:14:22.528622Z,price_change,0.1300,SELL,-2000,0.06,0.0800
2026-01-08T02:14:22.529979Z,price_change,0.03,BUY,-690,0.06,0.0800
2026-01-08T02:14:22.53155Z,price_change,0.1100,SELL,-690,0.06,0.0800
2026-01-08T02:14:23.840146Z,price_change,0.0800,SELL,1,0.06,0.0800
2026-01-08T02:14:23.870378Z,price_change,0.0800,SELL,-1,0.06,0.0800
2026-01-08T02:14:24.804315Z,price_change,0.0800,SELL,150,0.06,0.0800
2026-01-08T02:14:24.807154Z,price_change,0.04,BUY,150,0.06,0.0800
2026-01-08T02:14:24.947151Z,price_change,0.1100,SELL,2000,0.06,0.0800
2026-01-08T02:14:25.231666Z,price_change,0.01,BUY,-94,0.06,0.0800
2026-01-08T02:14:25.232311Z,price_change,0.1000,SELL,-94,0.06,0.0800
2026-01-08T02:14:25.232997Z,price_change,0.01,BUY,2831,0.06,0.0800
2026-01-08T02:14:25.291195Z,price_change,0.1100,SELL,94,0.06,0.0800
2026-01-08T02:14:25.292459Z,price_change,0.02,BUY,94,0.06,0.0800
2026-01-08T02:14:25.663689Z,price_change,0.0800,SELL,-3,0.06,0.0800
2026-01-08T02:14:25.663689Z,price_change,0.0800,SELL,-97,0.06,0.0800
1767838465,last_trade_price,0.08,BUY,3,0.06,0.0800
1767838465,last_trade_price,0.08,BUY,97,0.06,0.0800
2026-01-08T02:14:25.685815Z,price_change,0.1100,SELL,-2000,0.06,0.0800
2026-01-08T02:14:25.718517Z,price_change,0.1100,SELL,-94,0.06,0.0800
2026-01-08T02:14:25.745977Z,price_change,0.1500,SELL,94,0.06,0.0800
2026-01-08T02:14:25.865933Z,price_change,0.0900,SELL,50,0.06,0.0800
2026-01-08T02:14:25.866003Z,price_change,0.0800,SELL,50,0.06,0.0800
2026-01-08T02:14:25.897516Z,price_change,0.03,BUY,200,0.06,0.0800
2026-01-08T02:14:25.900271Z,price_change,0.0800,SELL,200,0.06,0.0800
2026-01-08T02:14:26.057945Z,price_change,0.03,BUY,125,0.06,0.0800
2026-01-08T02:14:26.079126Z,price_change,0.0900,SELL,300,0.06,0.0800
2026-01-08T02:14:26.729926Z,price_change,0.0800,SELL,5,0.06,0.0800
2026-01-08T02:14:26.742339Z,price_change,0.1200,SELL,2000,0.06,0.0800
2026-01-08T02:14:26.776764Z,price_change,0.1500,SELL,-94,0.06,0.0800
2026-01-08T02:14:26.964164Z,price_change,0.1100,SELL,94,0.06,0.0800
2026-01-08T02:14:27.637449Z,price_change,0.0900,SELL,482,0.06,0.0800
2026-01-08T02:14:27.69283Z,price_change,0.05,BUY,481,0.06,0.0800
2026-01-08T02:14:27.90474Z,price_change,0.06,BUY,2500,0.06,0.0800
2026-01-08T02:14:27.919507Z,price_change,0.1000,SELL,-516,0.06,0.0800
2026-01-08T02:14:27.961374Z,price_change,0.02,BUY,690,0.06,0.0800
2026-01-08T02:14:27.962642Z,price_change,0.1000,SELL,690,0.06,0.0800
2026-01-08T02:14:29.070741Z,price_change,0.0900,SELL,-1,0.06,0.0800
2026-01-08T02:14:29.070741Z,price_change,0.0800,SELL,1,0.06,0.0800
2026-01-08T02:14:29.733724Z,price_change,0.0800,SELL,-11,0.06,0.0800
1767838469,last_trade_price,0.08,BUY,11,0.06,0.0800
2026-01-08T02:14:29.783083Z,price_change,0.02,BUY,-1226,0.06,0.0800
2026-01-08T02:14:29.811647Z,price_change,0.04,BUY,1226,0.06,0.0800
2026-01-08T02:14:29.851608Z,price_change,0.1200,SELL,-2000,0.06,0.0800
2026-01-08T02:14:29.85258Z,price_change,0.02,BUY,-690,0.06,0.0800
2026-01-08T02:14:29.853338Z,price_change,0.1000,SELL,-690,0.06,0.0800
2026-01-08T02:14:29.892253Z,price_change,0.1100,SELL,-94,0.06,0.0800
2026-01-08T02:14:29.929708Z,price_change,0.1500,SELL,94,0.06,0.0800
2026-01-08T02:14:30.091823Z,price_change,0.0800,SELL,11,0.06,0.0800
2026-01-08T02:14:30.104225Z,price_change,0.0800,SELL,-5,0.06,0.0800
2026-01-08T02:14:30.438737Z,price_change,0.1100,SELL,-1226,0.06,0.0800
2026-01-08T02:14:30.439402Z,price_change,0.0900,SELL,-1226,0.06,0.0800
2026-01-08T02:14:30.44074Z,price_change,0.1000,SELL,-1226,0.06,0.0800
2026-01-08T02:14:30.441074Z,price_change,0.0900,SELL,-1226,0.06,0.0800
2026-01-08T02:14:30.441915Z,price_change,0.1000,SELL,-958,0.06,0.0800
2026-01-08T02:14:30.445274Z,price_change,0.0900,SELL,-1226,0.06,0.0800
2026-01-08T02:14:30.487988Z,price_change,0.1500,SELL,1226,0.06,0.0800
2026-01-08T02:14:30.488705Z,price_change,0.1400,SELL,1226,0.06,0.0800
2026-01-08T02:14:30.490118Z,price_change,0.1400,SELL,1226,0.06,0.0800
2026-01-08T02:14:30.491112Z,price_change,0.1600,SELL,1226,0.06,0.0800
2026-01-08T02:14:30.491675Z,price_change,0.1500,SELL,1226,0.06,0.0800
2026-01-08T02:14:30.492025Z,price_change,0.1400,SELL,1226,0.06,0.0800
2026-01-08T02:14:30.544531Z,price_change,0.04,BUY,-5000,0.06,0.0800
2026-01-08T02:14:30.544531Z,price_change,0.03,BUY,5000,0.06,0.0800
2026-01-08T02:14:30.614518Z,price_change,0.03,BUY,-125,0.06,0.0800
2026-01-08T02:14:30.615966Z,price_change,0.0900,SELL,-300,0.06,0.0800
2026-01-08T02:14:30.633138Z,price_change,0.0900,SELL,-5000,0.06,0.0800
2026-01-08T02:14:30.633138Z,price_change,0.0800,SELL,5000,0.06,0.0800
2026-01-08T02:14:30.686352Z,price_change,0.0900,SELL,-50,0.06,0.0800
2026-01-08T02:14:30.687019Z,price_change,0.0800,SELL,-50,0.06,0.0800
2026-01-08T02:14:30.691246Z,price_change,0.03,BUY,-200,0.06,0.0800
2026-01-08T02:14:30.693879Z,price_change,0.0800,SELL,-200,0.06,0.0800
2026-01-08T02:14:31.354565Z,price_change,0.04,BUY,-1226,0.06,0.0800
2026-01-08T02:14:31.3547Z,price_change,0.5400,SELL,4729,0.06,0.0800
2026-01-08T02:14:31.35537Z,price_change,0.1500,SELL,-1226,0.06,0.0800
2026-01-08T02:14:31.356304Z,price_change,0.1500,SELL,-94,0.06,0.0800
2026-01-08T02:14:31.356432Z,price_change,0.1400,SELL,-1226,0.06,0.0800
2026-01-08T02:14:31.357346Z,price_change,0.03,BUY,-1226,0.06,0.0800
2026-01-08T02:14:31.357362Z,price_change,0.1400,SELL,-1226,0.06,0.0800
2026-01-08T02:14:31.35739Z,price_change,0.6700,SELL,-73,0.06,0.0800
2026-01-08T02:14:31.357523Z,price_change,0.4000,SELL,756,0.06,0.0800
2026-01-08T02:14:31.357562Z,price_change,0.03,BUY,283,0.06,0.0800
2026-01-08T02:14:31.357623Z,price_change,0.04,BUY,189,0.06,0.0800
2026-01-08T02:14:31.357888Z,price_change,0.3900,SELL,-141,0.06,0.0800
2026-01-08T02:14:31.359031Z,price_change,0.1400,SELL,-1226,0.06,0.0800
2026-01-08T02:14:31.359063Z,price_change,0.1500,SELL,-1226,0.06,0.0800
2026-01-08T02:14:31.359099Z,price_change,0.1600,SELL,-1226,0.06,0.0800
2026-01-08T02:14:31.377879Z,price_change,0.02,BUY,-94,0.06,0.0800
2026-01-08T02:14:31.430467Z,price_change,0.06,BUY,2459,0.06,0.0800
2026-01-08T02:14:31.431304Z,price_change,0.0800,SELL,2459,0.06,0.0800
2026-01-08T02:14:31.431757Z,price_change,0.0800,SELL,189,0.06,0.0800
2026-01-08T02:14:31.434016Z,price_change,0.0800,SELL,189,0.06,0.0800
2026-01-08T02:14:31.434361Z,price_change,0.0800,SELL,2459,0.06,0.0800
2026-01-08T02:14:31.434574Z,price_change,0.1000,SELL,2459,0.06,0.0800
2026-01-08T02:14:31.434755Z,price_change,0.0800,SELL,2459,0.06,0.0800
2026-01-08T02:14:31.43495Z,price_change,0.06,BUY,189,0.06,0.0800
2026-01-08T02:14:31.435477Z,price_change,0.05,BUY,2459,0.06,0.0800
2026-01-08T02:14:31.435764Z,price_change,0.1500,SELL,283,0.06,0.0800
2026-01-08T02:14:31.43624Z,price_change,0.0900,SELL,2459,0.06,0.0800
2026-01-08T02:14:31.439068Z,price_change,0.0900,SELL,2459,0.06,0.0800
2026-01-08T02:14:32.026739Z,price_change,0.06,BUY,-189,0.06,0.0800
2026-01-08T02:14:32.027246Z,price_change,0.0800,SELL,-189,0.06,0.0800
2026-01-08T02:14:32.027691Z,price_change,0.0800,SELL,-189,0.06,0.0800
2026-01-08T02:14:32.028641Z,price_change,0.1000,SELL,-2459,0.06,0.0800
2026-01-08T02:14:32.028812Z,price_change,0.05,BUY,-2459,0.06,0.0800
2026-01-08T02:14:32.030254Z,price_change,0.04,BUY,-189,0.06,0.0800
2026-01-08T02:14:32.030682Z,price_change,0.06,BUY,-2459,0.06,0.0800
2026-01-08T02:14:32.030923Z,price_change,0.0800,SELL,-2459,0.06,0.0800
2026-01-08T02:14:32.031196Z,price_change,0.5400,SELL,-4729,0.06,0.0800
2026-01-08T02:14:32.031228Z,price_change,0.0900,SELL,-2459,0.06,0.0800
2026-01-08T02:14:32.031811Z,price_change,0.0900,SELL,-2459,0.06,0.0800
2026-01-08T02:14:32.031811Z,price_change,0.03,BUY,-283,0.06,0.0800
2026-01-08T02:14:32.032323Z,price_change,0.0800,SELL,-2459,0.06,0.0800
2026-01-08T02:14:32.032355Z,price_change,0.4000,SELL,-756,0.06,0.0800
2026-01-08T02:14:32.036633Z,price_change,0.1500,SELL,-283,0.06,0.0800
2026-01-08T02:14:32.042302Z,price_change,0.0700,SELL,1,0.06,0.0700
2026-01-08T02:14:32.064166Z,price_change,0.06,BUY,-754,0.06,0.0700
2026-01-08T02:14:32.067142Z,price_change,0.0900,SELL,-746,0.06,0.0700
2026-01-08T02:14:32.077228Z,price_change,0.05,BUY,754,0.06,0.0700
2026-01-08T02:14:32.080258Z,price_change,0.0800,SELL,746,0.06,0.0700
2026-01-08T02:14:32.081223Z,price_change,0.0800,SELL,-2459,0.06,0.0700
2026-01-08T02:14:32.123539Z,price_change,0.3900,SELL,2459,0.06,0.0700
2026-01-08T02:14:32.123783Z,price_change,0.3900,SELL,2459,0.06,0.0700
2026-01-08T02:14:32.124551Z,price_change,0.3800,SELL,2459,0.06,0.0700
2026-01-08T02:14:32.124814Z,price_change,0.4000,SELL,2459,0.06,0.0700
2026-01-08T02:14:32.125088Z,price_change,0.3800,SELL,2459,0.06,0.0700
2026-01-08T02:14:32.126064Z,price_change,0.6100,SELL,189,0.06,0.0700
2026-01-08T02:14:32.126084Z,price_change,0.3800,SELL,2459,0.06,0.0700
2026-01-08T02:14:32.203106Z,price_change,0.0700,SELL,-1,0.06,0.0800
2026-01-08T02:14:32.203106Z,price_change,0.0800,SELL,-109,0.06,0.0800
1767838472,last_trade_price,0.07,BUY,1,0.06,0.0800
1767838472,last_trade_price,0.08,BUY,109,0.06,0.0800
2026-01-08T02:14:32.219766Z,price_change,0.05,BUY,-754,0.06,0.0800
2026-01-08T02:14:32.222467Z,price_change,0.0800,SELL,-746,0.06,0.0800
2026-01-08T02:14:32.231997Z,price_change,0.06,BUY,754,0.06,0.0800
2026-01-08T02:14:32.236727Z,price_change,0.0900,SELL,746,0.06,0.0800
2026-01-08T02:14:32.843841Z,price_change,0.01,BUY,2000,0.06,0.0800
2026-01-08T02:14:32.844762Z,price_change,0.1300,SELL,2000,0.06,0.0800
2026-01-08T02:14:33.064088Z,price_change,0.3700,SELL,691,0.06,0.0800
2026-01-08T02:14:33.064325Z,price_change,0.05,BUY,691,0.06,0.0800
2026-01-08T02:14:33.108199Z,price_change,0.3800,SELL,-2459,0.06,0.0800
2026-01-08T02:14:33.109295Z,price_change,0.3900,SELL,-2459,0.06,0.0800
2026-01-08T02:14:33.135188Z,price_change,0.4000,SELL,-2459,0.06,0.0800
2026-01-08T02:14:33.176741Z,price_change,0.3700,SELL,2459,0.06,0.0800
2026-01-08T02:14:33.817294Z,price_change,0.0800,SELL,11,0.06,0.0800
2026-01-08T02:14:33.825549Z,price_change,0.0800,SELL,-11,0.06,0.0800
2026-01-08T02:14:33.854454Z,price_change,0.3700,SELL,2459,0.06,0.0800
2026-01-08T02:14:34.037273Z,price_change,0.03,BUY,690,0.06,0.0800
2026-01-08T02:14:34.038846Z,price_change,0.1100,SELL,690,0.06,0.0800
2026-01-08T02:14:34.609063Z,price_change,0.0900,SELL,50,0.06,0.0800
2026-01-08T02:14:34.610837Z,price_change,0.1000,SELL,50,0.06,0.0800
2026-01-08T02:14:34.664286Z,price_change,0.04,BUY,125,0.06,0.0800
2026-01-08T02:14:34.711507Z,price_change,0.1000,SELL,300,0.06,0.0800
2026-01-08T02:14:34.886223Z,price_change,0.0900,SELL,200,0.06,0.0800
2026-01-08T02:14:34.888012Z,price_change,0.04,BUY,200,0.06,0.0800
2026-01-08T02:14:35.046665Z,price_change,0.06,BUY,-2,0.06,0.0800
1767838475,last_trade_price,0.94,SELL,2,0.06,0.0800
2026-01-08T02:14:35.633858Z,price_change,0.3700,SELL,-2459,0.06,0.0800
2026-01-08T02:14:35.634963Z,price_change,0.3800,SELL,-2459,0.06,0.0800
2026-01-08T02:14:35.635646Z,price_change,0.1200,SELL,170,0.06,0.0800
2026-01-08T02:14:35.636061Z,price_change,0.3900,SELL,-2459,0.06,0.0800
2026-01-08T02:14:35.636328Z,price_change,0.1100,SELL,255,0.06,0.0800
2026-01-08T02:14:35.636444Z,price_change,0.4900,SELL,681,0.06,0.0800
2026-01-08T02:14:35.636515Z,price_change,0.5400,SELL,4262,0.06,0.0800
2026-01-08T02:14:35.636817Z,price_change,0.04,BUY,170,0.06,0.0800
2026-01-08T02:14:35.637322Z,price_change,0.03,BUY,255,0.06,0.0800
2026-01-08T02:14:35.638594Z,price_change,0.3700,SELL,-2459,0.06,0.0800
2026-01-08T02:14:35.638685Z,price_change,0.3800,SELL,-2459,0.06,0.0800
2026-01-08T02:14:35.639073Z,price_change,0.06,BUY,170,0.06,0.0800
2026-01-08T02:14:35.639487Z,price_change,0.06,BUY,2216,0.06,0.0800
2026-01-08T02:14:35.639848Z,price_change,0.05,BUY,2216,0.06,0.0800
2026-01-08T02:14:35.656744Z,price_change,0.6100,SELL,-189,0.06,0.0800
2026-01-08T02:14:35.691905Z,price_change,0.0900,SELL,2216,0.06,0.0800
2026-01-08T02:14:35.692538Z,price_change,0.0800,SELL,2216,0.06,0.0800
2026-01-08T02:14:35.69261Z,price_change,0.0800,SELL,2216,0.06,0.0800
2026-01-08T02:14:35.693272Z,price_change,0.1000,SELL,2216,0.06,0.0800
2026-01-08T02:14:35.693505Z,price_change,0.0800,SELL,170,0.06,0.0800
2026-01-08T02:14:35.694263Z,price_change,0.0800,SELL,2216,0.06,0.0800
2026-01-08T02:14:35.717781Z,price_change,0.0900,SELL,2216,0.06,0.0800
2026-01-08T02:14:36.000489Z,price_change,0.05,BUY,-691,0.06,0.0800
2026-01-08T02:14:36.000489Z,price_change,0.3700,SELL,-691,0.06,0.0800
2026-01-08T02:14:36.717971Z,price_change,0.06,BUY,-22,0.06,0.0800
1767838476,last_trade_price,0.94,SELL,22,0.06,0.0800
2026-01-08T02:14:37.165713Z,price_change,0.0800,SELL,-190,0.06,0.0800
1767838477,last_trade_price,0.08,BUY,190,0.06,0.0800
2026-01-08T02:14:37.587721Z,price_change,0.0800,SELL,-3,0.06,0.0800
1767838477,last_trade_price,0.08,BUY,3,0.06,0.0800
2026-01-08T02:14:38.264375Z,price_change,0.03,BUY,-255,0.06,0.0800
2026-01-08T02:14:38.265111Z,price_change,0.0800,SELL,-2216,0.06,0.0800
2026-01-08T02:14:38.265163Z,price_change,0.0900,SELL,-2216,0.06,0.0800
2026-01-08T02:14:38.265515Z,price_change,0.1000,SELL,-2216,0.06,0.0800
2026-01-08T02:14:38.2657Z,price_change,0.0800,SELL,-2216,0.06,0.0800
2026-01-08T02:14:38.265714Z,price_change,0.06,BUY,-2216,0.06,0.0800
2026-01-08T02:14:38.265733Z,price_change,0.05,BUY,-2216,0.06,0.0800
2026-01-08T02:14:38.267268Z,price_change,0.5400,SELL,-4262,0.06,0.0800
2026-01-08T02:14:38.267293Z,price_change,0.0800,SELL,-170,0.06,0.0800
2026-01-08T02:14:38.267321Z,price_change,0.0800,SELL,-2216,0.06,0.0800
2026-01-08T02:14:38.267321Z,price_change,0.1100,SELL,-255,0.06,0.0800
2026-01-08T02:14:38.26738Z,price_change,0.4900,SELL,-681,0.06,0.0800
2026-01-08T02:14:38.267602Z,price_change,0.1200,SELL,-170,0.06,0.0800
2026-01-08T02:14:38.268158Z,price_change,0.04,BUY,-170,0.06,0.0800
2026-01-08T02:14:38.268255Z,price_change,0.0900,SELL,-2216,0.06,0.0800
2026-01-08T02:14:38.287317Z,price_change,0.06,BUY,-170,0.06,0.0800
2026-01-08T02:14:38.324986Z,price_change,0.3800,SELL,2216,0.06,0.0800
2026-01-08T02:14:38.326496Z,price_change,0.3800,SELL,2216,0.06,0.0800
2026-01-08T02:14:38.326558Z,price_change,0.3900,SELL,2216,0.06,0.0800
2026-01-08T02:14:38.326874Z,price_change,0.4000,SELL,2216,0.06,0.0800
2026-01-08T02:14:38.327018Z,price_change,0.3900,SELL,2216,0.06,0.0800
2026-01-08T02:14:38.327341Z,price_change,0.6100,SELL,170,0.06,0.0800
2026-01-08T02:14:38.328318Z,price_change,0.3800,SELL,2216,0.06,0.0800
2026-01-08T02:14:38.527218Z,price_change,0.0800,SELL,-600,0.06,0.0800
1767838478,last_trade_price,0.08,BUY,600,0.06,0.0800
2026-01-08T02:14:38.958297Z,price_change,0.6100,SELL,-170,0.06,0.0800
2026-01-08T02:14:38.985966Z,price_change,0.9900,SELL,10,0.06,0.0800
2026-01-08T02:14:38.99438Z,price_change,0.5400,SELL,10,0.06,0.0800
2026-01-08T02:14:39.336196Z,price_change,0.1000,SELL,-50,0.06,0.0800
2026-01-08T02:14:39.365377Z,price_change,0.0900,SELL,-50,0.06,0.0800
2026-01-08T02:14:39.394559Z,price_change,0.0700,SELL,50,0.06,0.0700
2026-01-08T02:14:39.406928Z,price_change,0.06,BUY,-754,0.06,0.0700
2026-01-08T02:14:39.409319Z,price_change,0.04,BUY,-200,0.06,0.0700
2026-01-08T02:14:39.409946Z,price_change,0.0900,SELL,-746,0.06,0.0700
2026-01-08T02:14:39.413063Z,price_change,0.0900,SELL,-200,0.06,0.0700
2026-01-08T02:14:39.416745Z,price_change,0.05,BUY,754,0.06,0.0700
2026-01-08T02:14:39.421774Z,price_change,0.0800,SELL,746,0.06,0.0700
2026-01-08T02:14:39.425177Z,price_change,0.0800,SELL,50,0.06,0.0700
2026-01-08T02:14:39.442311Z,price_change,0.03,BUY,200,0.06,0.0700
2026-01-08T02:14:39.462881Z,price_change,0.0800,SELL,200,0.06,0.0700
2026-01-08T02:14:39.515988Z,price_change,0.0800,SELL,-50,0.06,0.0700
2026-01-08T02:14:39.516368Z,price_change,0.0700,SELL,-50,0.06,0.0800
2026-01-08T02:14:39.530705Z,price_change,0.05,BUY,-754,0.06,0.0800
2026-01-08T02:14:39.535119Z,price_change,0.0800,SELL,-746,0.06,0.0800
2026-01-08T02:14:39.54274Z,price_change,0.06,BUY,754,0.06,0.0800
2026-01-08T02:14:39.549143Z,price_change,0.0900,SELL,746,0.06,0.0800
2026-01-08T02:14:39.563614Z,price_change,0.0800,SELL,-100,0.06,0.0800
1767838479,last_trade_price,0.08,BUY,100,0.06,0.0800
2026-01-08T02:14:39.722083Z,price_change,0.1000,SELL,-300,0.06,0.0800
2026-01-08T02:14:39.7231Z,price_change,0.04,BUY,-125,0.06,0.0800
2026-01-08T02:14:39.78876Z,price_change,0.0800,SELL,-200,0.06,0.0800
2026-01-08T02:14:39.802244Z,price_change,0.03,BUY,-200,0.06,0.0800
2026-01-08T02:14:40.96831Z,price_change,0.0800,SELL,8,0.06,0.0800
2026-01-08T02:14:40.969184Z,price_change,0.0800,SELL,-11,0.06,0.0800
2026-01-08T02:14:41.351147Z,price_change,0.0800,SELL,-1500,0.06,0.0800
1767838481,last_trade_price,0.08,BUY,1500,0.06,0.0800
2026-01-08T02:14:41.992166Z,price_change,0.5400,SELL,-10,0.06,0.0800
2026-01-08T02:14:41.993087Z,price_change,0.04,BUY,176,0.06,0.0800
2026-01-08T02:14:41.993192Z,price_change,0.5400,SELL,4403,0.06,0.0800
2026-01-08T02:14:41.993564Z,price_change,0.1100,SELL,264,0.06,0.0800
2026-01-08T02:14:41.993734Z,price_change,0.3900,SELL,-2216,0.06,0.0800
2026-01-08T02:14:41.99384Z,price_change,0.3800,SELL,-2216,0.06,0.0800
2026-01-08T02:14:41.994751Z,price_change,0.05,BUY,2289,0.06,0.0800
2026-01-08T02:14:41.995053Z,price_change,0.3800,SELL,-2216,0.06,0.0800
2026-01-08T02:14:41.995141Z,price_change,0.03,BUY,264,0.06,0.0800
2026-01-08T02:14:41.995592Z,price_change,0.9900,SELL,-10,0.06,0.0800
2026-01-08T02:14:41.995701Z,price_change,0.4900,SELL,704,0.06,0.0800
2026-01-08T02:14:41.995873Z,price_change,0.06,BUY,176,0.06,0.0800
2026-01-08T02:14:41.996469Z,price_change,0.3900,SELL,-2216,0.06,0.0800
2026-01-08T02:14:41.996504Z,price_change,0.3800,SELL,-2216,0.06,0.0800
2026-01-08T02:14:41.996555Z,price_change,0.06,BUY,2289,0.06,0.0800
2026-01-08T02:14:41.996955Z,price_change,0.4000,SELL,-2216,0.06,0.0800
2026-01-08T02:14:42.025905Z,price_change,0.0800,SELL,176,0.06,0.0800
2026-01-08T02:14:42.026953Z,price_change,0.0800,SELL,2289,0.06,0.0800
2026-01-08T02:14:42.028751Z,price_change,0.0900,SELL,2289,0.06,0.0800
2026-01-08T02:14:42.029462Z,price_change,0.0800,SELL,2289,0.06,0.0800
2026-01-08T02:14:42.030184Z,price_change,0.0900,SELL,2289,0.06,0.0800
2026-01-08T02:14:42.030694Z,price_change,0.0800,SELL,176,0.06,0.0800
2026-01-08T02:14:42.032308Z,price_change,0.1000,SELL,2289,0.06,0.0800
2026-01-08T02:14:42.03308Z,price_change,0.0800,SELL,2289,0.06,0.0800
2026-01-08T02:14:42.082556Z,price_change,0.0900,SELL,69000,0.06,0.0800
2026-01-08T02:14:42.23978Z,price_change,0.01,BUY,-2000,0.06,0.0800
2026-01-08T02:14:42.24095Z,price_change,0.1300,SELL,-2000,0.06,0.0800
2026-01-08T02:14:42.242121Z,price_change,0.03,BUY,-690,0.06,0.0800
2026-01-08T02:14:42.243271Z,price_change,0.1100,SELL,-690,0.06,0.0800
2026-01-08T02:14:42.285426Z,price_change,0.1100,SELL,-264,0.06,0.0800
2026-01-08T02:14:42.320974Z,price_change,0.1500,SELL,264,0.06,0.0800
2026-01-08T02:14:42.329767Z,price_change,0.06,BUY,-2500,0.06,0.0800
2026-01-08T02:14:43.32995Z,price_change,0.03,BUY,-5000,0.06,0.0800
2026-01-08T02:14:43.32995Z,price_change,0.02,BUY,5000,0.06,0.0800
2026-01-08T02:14:43.37789Z,price_change,0.04,BUY,-176,0.06,0.0800
2026-01-08T02:14:43.448843Z,price_change,0.03,BUY,176,0.06,0.0800
2026-01-08T02:14:43.535843Z,price_change,0.06,BUY,-754,0.06,0.0800
2026-01-08T02:14:43.5369Z,price_change,0.0900,SELL,-746,0.06,0.0800
2026-01-08T02:14:43.550107Z,price_change,0.05,BUY,754,0.06,0.0800
2026-01-08T02:14:43.551214Z,price_change,0.0800,SELL,746,0.06,0.0800
2026-01-08T02:14:43.599274Z,price_change,0.0800,SELL,-5000,0.06,0.0800
2026-01-08T02:14:43.599274Z,price_change,0.0700,SELL,5000,0.06,0.0700
2026-01-08T02:14:43.613653Z,price_change,0.03,BUY,-176,0.06,0.0700
2026-01-08T02:14:43.643321Z,price_change,0.1700,SELL,-750,0.06,0.0700
2026-01-08T02:14:43.643321Z,price_change,0.1600,SELL,750,0.06,0.0700
2026-01-08T02:14:43.645291Z,price_change,0.05,BUY,176,0.06,0.0700
2026-01-08T02:14:43.658703Z,price_change,0.2000,SELL,-970,0.06,0.0700
2026-01-08T02:14:43.658703Z,price_change,0.1900,SELL,970,0.06,0.0700
2026-01-08T02:14:43.717913Z,price_change,0.0800,SELL,19321,0.06,0.0700
2026-01-08T02:14:43.752609Z,price_change,0.0900,SELL,-2289,0.06,0.0700
2026-01-08T02:14:43.754105Z,price_change,0.1000,SELL,-2289,0.06,0.0700
2026-01-08T02:14:43.755937Z,price_change,0.0800,SELL,-2289,0.06,0.0700
2026-01-08T02:14:43.762167Z,price_change,0.0800,SELL,-9661,0.06,0.0700
2026-01-08T02:14:43.793179Z,price_change,0.0700,SELL,2289,0.06,0.0700
2026-01-08T02:14:43.802488Z,price_change,0.0800,SELL,8,0.06,0.0700
2026-01-08T02:14:43.834737Z,price_change,0.0800,SELL,-8,0.06,0.0700
2026-01-08T02:14:43.851853Z,price_change,0.0800,SELL,503,0.06,0.0700
2026-01-08T02:14:43.853785Z,price_change,0.04,BUY,503,0.06,0.0700
2026-01-08T02:14:43.865759Z,price_change,0.05,BUY,-481,0.06,0.0700
2026-01-08T02:14:43.906008Z,price_change,0.05,BUY,-176,0.06,0.0700
2026-01-08T02:14:43.942059Z,price_change,0.03,BUY,176,0.06,0.0700
2026-01-08T02:14:43.987353Z,price_change,0.0700,SELL,-11,0.06,0.0700
1767838483,last_trade_price,0.07,BUY,11,0.06,0.0700
2026-01-08T02:14:44.028677Z,price_change,0.06,BUY,-176,0.06,0.0700
2026-01-08T02:14:44.048827Z,price_change,0.0700,SELL,11,0.06,0.0700
2026-01-08T02:14:44.072985Z,price_change,0.4900,SELL,-704,0.06,0.0700
2026-01-08T02:14:44.073479Z,price_change,0.0700,SELL,-2289,0.06,0.0700
2026-01-08T02:14:44.073571Z,price_change,0.1500,SELL,-264,0.06,0.0700
2026-01-08T02:14:44.073648Z,price_change,0.5400,SELL,-4403,0.06,0.0700
2026-01-08T02:14:44.073993Z,price_change,0.03,BUY,-176,0.06,0.0700
2026-01-08T02:14:44.074373Z,price_change,0.0800,SELL,-2289,0.06,0.0700
2026-01-08T02:14:44.074819Z,price_change,0.0800,SELL,-2289,0.06,0.0700
2026-01-08T02:14:44.075223Z,price_change,0.03,BUY,-264,0.06,0.0700
2026-01-08T02:14:44.075254Z,price_change,0.0800,SELL,-176,0.06,0.0700
2026-01-08T02:14:44.075875Z,price_change,0.05,BUY,-2289,0.06,0.0700
2026-01-08T02:14:44.077843Z,price_change,0.0800,SELL,-8,0.06,0.0700
2026-01-08T02:14:44.082935Z,price_change,0.0800,SELL,-176,0.06,0.0700
2026-01-08T02:14:44.100909Z,price_change,0.06,BUY,-2289,0.06,0.0700
2026-01-08T02:14:44.101384Z,price_change,0.0900,SELL,-2289,0.06,0.0700
2026-01-08T02:14:44.132412Z,price_change,0.3800,SELL,2289,0.06,0.0700
2026-01-08T02:14:44.132443Z,price_change,0.3900,SELL,2289,0.06,0.0700
2026-01-08T02:14:44.132881Z,price_change,0.4000,SELL,2289,0.06,0.0700
2026-01-08T02:14:44.133488Z,price_change,0.3800,SELL,2289,0.06,0.0700
2026-01-08T02:14:44.13349Z,price_change,0.6100,SELL,176,0.06,0.0700
2026-01-08T02:14:44.133588Z,price_change,0.3800,SELL,2289,0.06,0.0700
2026-01-08T02:14:44.134026Z,price_change,0.3900,SELL,2289,0.06,0.0700
2026-01-08T02:14:44.137751Z,price_change,0.0800,SELL,10,0.06,0.0700
2026-01-08T02:14:44.176001Z,price_change,0.0900,SELL,-482,0.06,0.0700
2026-01-08T02:14:44.457649Z,price_change,0.01,BUY,-2831,0.06,0.0700
2026-01-08T02:14:44.469481Z,price_change,0.0800,SELL,-1,0.06,0.0700
2026-01-08T02:14:44.469481Z,price_change,0.0700,SELL,12,0.06,0.0700
2026-01-08T02:14:44.477022Z,price_change,0.0800,SELL,-10,0.06,0.0700
2026-01-08T02:14:44.627012Z,price_change,0.0700,SELL,1,0.06,0.0700
2026-01-08T02:14:44.714996Z,price_change,0.3800,SELL,-2289,0.06,0.0700
2026-01-08T02:14:44.71506Z,price_change,0.4000,SELL,-2289,0.06,0.0700
2026-01-08T02:14:44.715402Z,price_change,0.04,BUY,189,0.06,0.0700
2026-01-08T02:14:44.716363Z,price_change,0.6100,SELL,-176,0.06,0.0700
2026-01-08T02:14:44.716514Z,price_change,0.3800,SELL,-2289,0.06,0.0700
2026-01-08T02:14:44.716999Z,price_change,0.03,BUY,2460,0.06,0.0700
2026-01-08T02:14:44.717179Z,price_change,0.3800,SELL,-2289,0.06,0.0700
2026-01-08T02:14:44.717208Z,price_change,0.3900,SELL,757,0.06,0.0700
2026-01-08T02:14:44.717807Z,price_change,0.04,BUY,2460,0.06,0.0700
2026-01-08T02:14:44.718181Z,price_change,0.01,BUY,283,0.06,0.0700
2026-01-08T02:14:44.719352Z,price_change,0.5000,SELL,4731,0.06,0.0700
2026-01-08T02:14:44.719687Z,price_change,0.0700,SELL,189,0.06,0.0700
2026-01-08T02:14:44.725189Z,price_change,0.0900,SELL,283,0.06,0.0700
2026-01-08T02:14:44.725421Z,price_change,0.3900,SELL,-2289,0.06,0.0700
2026-01-08T02:14:44.727894Z,price_change,0.3900,SELL,-2289,0.06,0.0700
2026-01-08T02:14:44.743573Z,price_change,0.03,BUY,189,0.06,0.0700
2026-01-08T02:14:44.772839Z,price_change,0.06,BUY,-476,0.05,0.0700
2026-01-08T02:14:44.772839Z,price_change,0.0600,SELL,9524,0.05,0.0600
1767838484,last_trade_price,0.94,SELL,476,0.05,0.0600
2026-01-08T02:14:44.773748Z,price_change,0.0700,SELL,189,0.05,0.0600
2026-01-08T02:14:44.775432Z,price_change,0.0600,SELL,2460,0.05,0.0600
2026-01-08T02:14:44.775502Z,price_change,0.0600,SELL,2460,0.05,0.0600
2026-01-08T02:14:44.775726Z,price_change,0.0700,SELL,2460,0.05,0.0600
2026-01-08T02:14:44.777314Z,price_change,0.0700,SELL,2460,0.05,0.0600
2026-01-08T02:14:44.777684Z,price_change,0.0800,SELL,2460,0.05,0.0600
2026-01-08T02:14:44.779091Z,price_change,0.03,BUY,-2460,0.05,0.0600
2026-01-08T02:14:44.800423Z,price_change,0.0600,SELL,2460,0.05,0.0600
2026-01-08T02:14:44.801105Z,price_change,0.05,BUY,-754,0.05,0.0600
2026-01-08T02:14:44.802551Z,price_change,0.0800,SELL,-746,0.05,0.0600
2026-01-08T02:14:44.806848Z,price_change,0.1900,SELL,-970,0.05,0.0600
2026-01-08T02:14:44.806848Z,price_change,0.1800,SELL,970,0.05,0.0600
2026-01-08T02:14:44.808926Z,price_change,0.0800,SELL,-4890,0.05,0.0600
2026-01-08T02:14:44.815623Z,price_change,0.04,BUY,754,0.05,0.0600
2026-01-08T02:14:44.818285Z,price_change,0.0700,SELL,746,0.05,0.0600
2026-01-08T02:14:44.824219Z,price_change,0.05,BUY,2460,0.05,0.0600
2026-01-08T02:14:44.827412Z,price_change,0.0700,SELL,-189,0.05,0.0600
2026-01-08T02:14:44.828097Z,price_change,0.0600,SELL,7500,0.05,0.0600
2026-01-08T02:14:44.849746Z,price_change,0.0700,SELL,-12,0.05,0.0600
2026-01-08T02:14:44.861098Z,price_change,0.0700,SELL,-1,0.05,0.0600
2026-01-08T02:14:44.863872Z,price_change,0.0600,SELL,189,0.05,0.0600
2026-01-08T02:14:44.924206Z,price_change,0.0800,SELL,-1,0.05,0.0600
2026-01-08T02:14:44.924206Z,price_change,0.0700,SELL,1,0.05,0.0600
2026-01-08T02:14:44.946917Z,price_change,0.6400,SELL,-142,0.05,0.0600
2026-01-08T02:14:44.949356Z,price_change,0.02,BUY,-437,0.05,0.0600
2026-01-08T02:14:44.950672Z,price_change,0.0700,SELL,185,0.05,0.0600
2026-01-08T02:14:44.964854Z,price_change,0.1600,SELL,-750,0.05,0.0600
2026-01-08T02:14:44.964854Z,price_change,0.1500,SELL,750,0.05,0.0600
2026-01-08T02:14:44.964923Z,price_change,0.05,BUY,-2460,0.05,0.0600
2026-01-08T02:14:45.00008Z,price_change,0.0900,SELL,-69000,0.05,0.0600
2026-01-08T02:14:45.011266Z,price_change,0.03,BUY,2460,0.05,0.0600
2026-01-08T02:14:45.046328Z,price_change,0.0900,SELL,-283,0.05,0.0600
2026-01-08T02:14:45.086436Z,price_change,0.1400,SELL,283,0.05,0.0600
2026-01-08T02:14:45.139216Z,price_change,0.0600,SELL,10000,0.05,0.0600
2026-01-08T02:14:45.544529Z,price_change,0.0600,SELL,17,0.05,0.0600
2026-01-08T02:14:45.595081Z,price_change,0.0600,SELL,1,0.05,0.0600
2026-01-08T02:14:47.312594Z,price_change,0.04,BUY,691,0.05,0.0600
2026-01-08T02:14:47.312623Z,price_change,0.3800,SELL,691,0.05,0.0600
2026-01-08T02:14:47.364722Z,price_change,0.03,BUY,-189,0.05,0.0600
2026-01-08T02:14:47.402174Z,price_change,0.04,BUY,189,0.05,0.0600
2026-01-08T02:14:48.350764Z,price_change,0.05,BUY,-20,0.05,0.0600
1767838488,last_trade_price,0.95,SELL,20,0.05,0.0600
2026-01-08T02:14:48.77691Z,price_change,0.0800,SELL,2000,0.05,0.0600
2026-01-08T02:14:49.091991Z,price_change,0.0600,SELL,-16,0.05,0.0600
2026-01-08T02:14:49.100772Z,price_change,0.0600,SELL,-1,0.05,0.0600
2026-01-08T02:14:49.667241Z,price_change,0.05,BUY,-11,0.05,0.0600
1767838489,last_trade_price,0.95,SELL,11,0.05,0.0600
2026-01-08T02:14:49.890927Z,price_change,0.02,BUY,690,0.05,0.0600
2026-01-08T02:14:49.891854Z,price_change,0.0600,SELL,690,0.05,0.0600
2026-01-08T02:14:50.000393Z,price_change,0.04,BUY,-691,0.05,0.0600
2026-01-08T02:14:50.000393Z,price_change,0.3800,SELL,-691,0.05,0.0600
2026-01-08T02:14:50.040209Z,price_change,0.04,BUY,-189,0.05,0.0600
2026-01-08T02:14:50.080702Z,price_change,0.03,BUY,189,0.05,0.0600
2026-01-08T02:14:50.216065Z,price_change,0.04,BUY,-150,0.05,0.0600
2026-01-08T02:14:50.254647Z,price_change,0.0700,SELL,150,0.05,0.0600
2026-01-08T02:14:50.257505Z,price_change,0.03,BUY,150,0.05,0.0600
2026-01-08T02:14:50.274765Z,price_change,0.0800,SELL,-150,0.05,0.0600
2026-01-08T02:14:51.071124Z,price_change,0.05,BUY,11695,0.05,0.0600
2026-01-08T02:14:51.206593Z,price_change,0.0700,SELL,-2460,0.05,0.0600
2026-01-08T02:14:51.206663Z,price_change,0.1400,SELL,-283,0.05,0.0600
2026-01-08T02:14:51.206766Z,price_change,0.3900,SELL,-757,0.05,0.0600
2026-01-08T02:14:51.207207Z,price_change,0.03,BUY,-2460,0.05,0.0600
2026-01-08T02:14:51.207345Z,price_change,0.5000,SELL,-4731,0.05,0.0600
2026-01-08T02:14:51.207748Z,price_change,0.0600,SELL,-189,0.05,0.0600
2026-01-08T02:14:51.207784Z,price_change,0.0800,SELL,-2460,0.05,0.0600
2026-01-08T02:14:51.207999Z,price_change,0.0700,SELL,-2460,0.05,0.0600
2026-01-08T02:14:51.208086Z,price_change,0.04,BUY,-189,0.05,0.0600
2026-01-08T02:14:51.208289Z,price_change,0.0700,SELL,-189,0.05,0.0600
2026-01-08T02:14:51.208449Z,price_change,0.01,BUY,-283,0.05,0.0600
2026-01-08T02:14:51.208588Z,price_change,0.04,BUY,-2460,0.05,0.0600
2026-01-08T02:14:51.20984Z,price_change,0.0600,SELL,-2460,0.05,0.0600
2026-01-08T02:14:51.210806Z,price_change,0.0600,SELL,-2460,0.05,0.0600
2026-01-08T02:14:51.230216Z,price_change,0.03,BUY,-189,0.05,0.0600
2026-01-08T02:14:51.241011Z,price_change,0.0600,SELL,-2460,0.05,0.0600
2026-01-08T02:14:51.304543Z,price_change,0.3800,SELL,2460,0.05,0.0600
2026-01-08T02:14:51.305674Z,price_change,0.3900,SELL,2460,0.05,0.0600
2026-01-08T02:14:51.306422Z,price_change,0.4000,SELL,2460,0.05,0.0600
2026-01-08T02:14:51.308047Z,price_change,0.3800,SELL,2460,0.05,0.0600
2026-01-08T02:14:51.308832Z,price_change,0.3800,SELL,2460,0.05,0.0600
2026-01-08T02:14:51.309084Z,price_change,0.3900,SELL,2460,0.05,0.0600
2026-01-08T02:14:51.318131Z,price_change,0.6100,SELL,189,0.05,0.0600
2026-01-08T02:14:51.351439Z,price_change,0.0600,SELL,-162,0.05,0.0600
1767838491,last_trade_price,0.06,BUY,162,0.05,0.0600
2026-01-08T02:14:52.448118Z,price_change,0.0600,SELL,-78,0.05,0.0600
1767838492,last_trade_price,0.06,BUY,78,0.05,0.0600
2026-01-08T02:14:52.456608Z,price_change,0.0800,SELL,-9660,0.05,0.0600
2026-01-08T02:14:52.489428Z,price_change,0.0600,SELL,-1,0.05,0.0600
2026-01-08T02:14:53.58492Z,price_change,0.04,BUY,-754,0.05,0.0600
2026-01-08T02:14:53.586966Z,price_change,0.0700,SELL,-746,0.05,0.0600
2026-01-08T02:14:53.599761Z,price_change,0.0600,SELL,-7500,0.05,0.0600
2026-01-08T02:14:53.602588Z,price_change,0.05,BUY,754,0.05,0.0600
2026-01-08T02:14:53.604148Z,price_change,0.0800,SELL,746,0.05,0.0600
2026-01-08T02:14:53.631422Z,price_change,0.0700,SELL,7500,0.05,0.0600
2026-01-08T02:14:55.248915Z,price_change,0.02,BUY,200,0.05,0.0600
2026-01-08T02:14:55.254265Z,price_change,0.0700,SELL,200,0.05,0.0600
2026-01-08T02:14:55.294904Z,price_change,0.0600,SELL,-1501,0.05,0.0600
1767838495,last_trade_price,0.06,BUY,1501,0.05,0.0600
2026-01-08T02:14:55.351975Z,price_change,0.02,BUY,125,0.05,0.0600
2026-01-08T02:14:55.354773Z,price_change,0.0800,SELL,300,0.05,0.0600
2026-01-08T02:14:56.715834Z,price_change,0.05,BUY,2500,0.05,0.0600
2026-01-08T02:14:58.693368Z,price_change,0.05,BUY,-11695,0.05,0.0600
2026-01-08T02:15:01.240479Z,price_change,0.3900,SELL,-2460,0.05,0.0600
2026-01-08T02:15:01.241035Z,price_change,0.1400,SELL,283,0.05,0.0600
2026-01-08T02:15:01.242217Z,price_change,0.3900,SELL,-2460,0.05,0.0600
2026-01-08T02:15:01.243768Z,price_change,0.5000,SELL,4717,0.05,0.0600
2026-01-08T02:15:01.244296Z,price_change,0.4000,SELL,-2460,0.05,0.0600
2026-01-08T02:15:01.244377Z,price_change,0.3800,SELL,-2460,0.05,0.0600
2026-01-08T02:15:01.24477Z,price_change,0.04,BUY,188,0.05,0.0600
2026-01-08T02:15:01.245503Z,price_change,0.3800,SELL,-2460,0.05,0.0600
2026-01-08T02:15:01.245713Z,price_change,0.0700,SELL,188,0.05,0.0600
2026-01-08T02:15:01.253632Z,price_change,0.6100,SELL,-189,0.05,0.0600
2026-01-08T02:15:01.264306Z,price_change,0.3900,SELL,754,0.05,0.0600
2026-01-08T02:15:01.266062Z,price_change,0.04,BUY,2453,0.05,0.0600
2026-01-08T02:15:01.27124Z,price_change,0.03,BUY,2453,0.05,0.0600
2026-01-08T02:15:01.28559Z,price_change,0.03,BUY,188,0.05,0.0600
2026-01-08T02:15:01.293635Z,price_change,0.3800,SELL,-2460,0.05,0.0600
2026-01-08T02:15:01.302711Z,price_change,0.01,BUY,283,0.05,0.0600
2026-01-08T02:15:01.336789Z,price_change,0.0600,SELL,2453,0.05,0.0600
2026-01-08T02:15:01.338057Z,price_change,0.0800,SELL,2453,0.05,0.0600
2026-01-08T02:15:01.33882Z,price_change,0.0600,SELL,2453,0.05,0.0600
2026-01-08T02:15:01.356403Z,price_change,0.0700,SELL,2453,0.05,0.0600
2026-01-08T02:15:01.360727Z,price_change,0.0600,SELL,2453,0.05,0.0600
2026-01-08T02:15:01.362026Z,price_change,0.0600,SELL,188,0.05,0.0600
2026-01-08T02:15:01.393634Z,price_change,0.05,BUY,-754,0.05,0.0600
2026-01-08T02:15:01.394854Z,price_change,0.0800,SELL,-746,0.05,0.0600
2026-01-08T02:15:01.403526Z,price_change,0.0700,SELL,-7500,0.05,0.0600
2026-01-08T02:15:01.406391Z,price_change,0.04,BUY,754,0.05,0.0600
2026-01-08T02:15:01.407486Z,price_change,0.0700,SELL,746,0.05,0.0600
2026-01-08T02:15:01.437094Z,price_change,0.0600,SELL,7500,0.05,0.0600
2026-01-08T02:15:01.449791Z,price_change,0.0700,SELL,2453,0.05,0.0600
2026-01-08T02:15:02.658977Z,price_change,0.04,BUY,691,0.05,0.0600
2026-01-08T02:15:02.661148Z,price_change,0.3800,SELL,691,0.05,0.0600
2026-01-08T02:15:02.707832Z,price_change,0.03,BUY,-188,0.05,0.0600
2026-01-08T02:15:02.771909Z,price_change,0.04,BUY,188,0.05,0.0600
2026-01-08T02:15:03.065647Z,price_change,0.05,BUY,-41,0.05,0.0600
1767838503,last_trade_price,0.95,SELL,41,0.05,0.0600
2026-01-08T02:15:03.87791Z,price_change,0.05,BUY,-428,0.05,0.0600
2026-01-08T02:15:03.87791Z,price_change,0.05,BUY,-300,0.05,0.0600
2026-01-08T02:15:03.87791Z,price_change,0.05,BUY,-5,0.05,0.0600
2026-01-08T02:15:03.87791Z,price_change,0.05,BUY,-192,0.05,0.0600
1767838503,last_trade_price,0.95,SELL,428,0.05,0.0600
1767838503,last_trade_price,0.95,SELL,300,0.05,0.0600
1767838503,last_trade_price,0.95,SELL,5,0.05,0.0600
1767838503,last_trade_price,0.95,SELL,192,0.05,0.0600
2026-01-08T02:15:03.916076Z,price_change,0.05,BUY,-2308,0.04,0.0600
2026-01-08T02:15:03.943827Z,price_change,0.04,BUY,2500,0.04,0.0600
2026-01-08T02:15:04.437402Z,price_change,0.03,BUY,1000,0.04,0.0600
2026-01-08T02:15:04.438238Z,price_change,0.03,BUY,480,0.04,0.0600
2026-01-08T02:15:05.00125Z,price_change,0.04,BUY,-691,0.04,0.0600
2026-01-08T02:15:05.00125Z,price_change,0.3800,SELL,-691,0.04,0.0600
2026-01-08T02:15:05.040445Z,price_change,0.04,BUY,-188,0.04,0.0600
2026-01-08T02:15:05.076681Z,price_change,0.03,BUY,188,0.04,0.0600
2026-01-08T02:15:05.177048Z,price_change,0.0600,SELL,-78,0.04,0.0600
1767838505,last_trade_price,0.06,BUY,78,0.04,0.0600
2026-01-08T02:15:05.190755Z,price_change,0.03,BUY,-1000,0.04,0.0600
2026-01-08T02:15:05.192664Z,price_change,0.03,BUY,-480,0.04,0.0600
2026-01-08T02:15:06.018216Z,price_change,0.0600,SELL,-75,0.04,0.0600
1767838506,last_trade_price,0.06,BUY,75,0.04,0.0600
2026-01-08T02:15:06.794908Z,price_change,0.0600,SELL,-25,0.04,0.0600
1767838506,last_trade_price,0.06,BUY,25,0.04,0.0600
2026-01-08T02:15:08.589725Z,price_change,0.02,BUY,-125,0.04,0.0600
2026-01-08T02:15:08.591107Z,price_change,0.0800,SELL,-300,0.04,0.0600
2026-01-08T02:15:08.598478Z,price_change,0.0700,SELL,-200,0.04,0.0600
2026-01-08T02:15:08.599114Z,price_change,0.02,BUY,-200,0.04,0.0600
2026-01-08T02:15:08.636335Z,price_change,0.0700,SELL,-188,0.04,0.0600
2026-01-08T02:15:08.674582Z,price_change,0.0600,SELL,188,0.04,0.0600
2026-01-08T02:15:09.390495Z,price_change,0.01,BUY,69000,0.04,0.0600
2026-01-08T02:15:09.532768Z,price_change,0.0800,SELL,-2000,0.04,0.0600
2026-01-08T02:15:09.533753Z,price_change,0.02,BUY,-690,0.04,0.0600
2026-01-08T02:15:09.534584Z,price_change,0.0600,SELL,-690,0.04,0.0600
2026-01-08T02:15:09.638899Z,price_change,0.0600,SELL,-7500,0.04,0.0600
2026-01-08T02:15:11.07818Z,price_change,0.0600,SELL,-188,0.04,0.0600
2026-01-08T02:15:11.078357Z,price_change,0.0600,SELL,-188,0.04,0.0600
2026-01-08T02:15:11.079807Z,price_change,0.0700,SELL,-2453,0.04,0.0600
2026-01-08T02:15:11.080724Z,price_change,0.03,BUY,-188,0.04,0.0600
2026-01-08T02:15:11.081589Z,price_change,0.0600,SELL,-2453,0.04,0.0600
2026-01-08T02:15:11.08252Z,price_change,0.0600,SELL,-2453,0.04,0.0600
2026-01-08T02:15:11.082561Z,price_change,0.0700,SELL,-2453,0.04,0.0600
2026-01-08T02:15:11.082675Z,price_change,0.01,BUY,-283,0.04,0.0600
2026-01-08T02:15:11.082822Z,price_change,0.0600,SELL,-2453,0.04,0.0600
2026-01-08T02:15:11.0836Z,price_change,0.3900,SELL,-754,0.04,0.0600
2026-01-08T02:15:11.083606Z,price_change,0.04,BUY,-188,0.04,0.0600
2026-01-08T02:15:11.08462Z,price_change,0.03,BUY,-2453,0.04,0.0600
2026-01-08T02:15:11.086066Z,price_change,0.04,BUY,-2453,0.04,0.0600
2026-01-08T02:15:11.099414Z,price_change,0.1400,SELL,-283,0.04,0.0600
2026-01-08T02:15:11.100794Z,price_change,0.0800,SELL,-2453,0.04,0.0600
2026-01-08T02:15:11.10081Z,price_change,0.5000,SELL,-4717,0.04,0.0600
2026-01-08T02:15:11.168722Z,price_change,0.3800,SELL,2453,0.04,0.0600
2026-01-08T02:15:11.169565Z,price_change,0.3900,SELL,2453,0.04,0.0600
2026-01-08T02:15:11.169991Z,price_change,0.5500,SELL,188,0.04,0.0600
2026-01-08T02:15:11.170752Z,price_change,0.3900,SELL,2453,0.04,0.0600
2026-01-08T02:15:11.171129Z,price_change,0.3800,SELL,2453,0.04,0.0600
2026-01-08T02:15:11.17117Z,price_change,0.4000,SELL,2453,0.04,0.0600
2026-01-08T02:15:11.185415Z,price_change,0.3800,SELL,2453,0.04,0.0600
2026-01-08T02:15:11.261598Z,price_change,0.02,BUY,-5000,0.04,0.0600
2026-01-08T02:15:11.264049Z,price_change,0.0700,SELL,-5000,0.04,0.0600
2026-01-08T02:15:11.264049Z,price_change,0.1700,SELL,1500,0.04,0.0600
2026-01-08T02:15:11.312382Z,price_change,0.0800,SELL,-503,0.04,0.0600
2026-01-08T02:15:11.325414Z,price_change,0.04,BUY,-503,0.04,0.0600
2026-01-08T02:15:11.671585Z,price_change,0.5500,SELL,-188,0.04,0.0600
2026-01-08T02:15:11.716001Z,price_change,0.6100,SELL,188,0.04,0.0600
2026-01-08T02:15:11.766562Z,price_change,0.6100,SELL,-188,0.04,0.0600
2026-01-08T02:15:11.767112Z,price_change,0.3900,SELL,-2453,0.04,0.0600
2026-01-08T02:15:11.768703Z,price_change,0.3800,SELL,-2453,0.04,0.0600
2026-01-08T02:15:11.768874Z,price_change,0.4000,SELL,-2453,0.04,0.0600
2026-01-08T02:15:11.769158Z,price_change,0.3900,SELL,-2453,0.04,0.0600
2026-01-08T02:15:11.769207Z,price_change,0.1400,SELL,282,0.04,0.0600
2026-01-08T02:15:11.770813Z,price_change,0.3800,SELL,-2453,0.04,0.0600
2026-01-08T02:15:11.770895Z,price_change,0.05,BUY,2451,0.05,0.0600
2026-01-08T02:15:11.771215Z,price_change,0.04,BUY,2451,0.05,0.0600
2026-01-08T02:15:11.771517Z,price_change,0.04,BUY,188,0.05,0.0600
2026-01-08T02:15:11.771529Z,price_change,0.3800,SELL,-2453,0.05,0.0600
2026-01-08T02:15:11.772314Z,price_change,0.3900,SELL,754,0.05,0.0600
2026-01-08T02:15:11.772903Z,price_change,0.6700,SELL,188,0.05,0.0600
2026-01-08T02:15:11.782056Z,price_change,0.01,BUY,282,0.05,0.0600
2026-01-08T02:15:11.79331Z,price_change,0.04,BUY,188,0.05,0.0600
2026-01-08T02:15:11.796923Z,price_change,0.0700,SELL,-185,0.05,0.0600
2026-01-08T02:15:11.797667Z,price_change,0.5000,SELL,4715,0.05,0.0600
2026-01-08T02:15:11.799554Z,price_change,0.6400,SELL,160,0.05,0.0600
2026-01-08T02:15:11.849655Z,price_change,0.0700,SELL,2451,0.05,0.0600
2026-01-08T02:15:11.849682Z,price_change,0.0600,SELL,2451,0.05,0.0600
2026-01-08T02:15:11.849692Z,price_change,0.0600,SELL,2451,0.05,0.0600
2026-01-08T02:15:11.849717Z,price_change,0.0600,SELL,2451,0.05,0.0600
2026-01-08T02:15:11.850433Z,price_change,0.0800,SELL,2451,0.05,0.0600
2026-01-08T02:15:11.850712Z,price_change,0.0700,SELL,2451,0.05,0.0600
2026-01-08T02:15:11.852039Z,price_change,0.0600,SELL,188,0.05,0.0600
2026-01-08T02:15:11.885217Z,price_change,0.04,BUY,-2500,0.05,0.0600
2026-01-08T02:15:11.893671Z,price_change,0.6700,SELL,-188,0.05,0.0600
2026-01-08T02:15:11.895135Z,price_change,0.5000,SELL,-4715,0.05,0.0600
2026-01-08T02:15:11.912988Z,price_change,0.05,BUY,2500,0.05,0.0600
2026-01-08T02:15:11.928409Z,price_change,0.05,BUY,-2451,0.05,0.0600
2026-01-08T02:15:11.935504Z,price_change,0.3700,SELL,188,0.05,0.0600
2026-01-08T02:15:11.938248Z,price_change,0.04,BUY,-188,0.05,0.0600
2026-01-08T02:15:11.93831Z,price_change,0.5400,SELL,4715,0.05,0.0600
2026-01-08T02:15:11.972309Z,price_change,0.03,BUY,188,0.05,0.0600
2026-01-08T02:15:11.97723Z,price_change,0.03,BUY,2451,0.05,0.0600
2026-01-08T02:15:12.000585Z,price_change,0.01,BUY,-69000,0.05,0.0600
2026-01-08T02:15:12.007953Z,price_change,0.05,BUY,-2500,0.04,0.0600
2026-01-08T02:15:12.207745Z,price_change,0.0500,SELL,2,0.04,0.0500
2026-01-08T02:15:12.225352Z,price_change,0.04,BUY,-754,0.04,0.0500
2026-01-08T02:15:12.229372Z,price_change,0.0700,SELL,-746,0.04,0.0500
2026-01-08T02:15:12.232305Z,price_change,0.03,BUY,754,0.04,0.0500
2026-01-08T02:15:12.23716Z,price_change,0.0600,SELL,746,0.04,0.0500
2026-01-08T02:15:12.405919Z,price_change,0.04,BUY,2500,0.04,0.0500
2026-01-08T02:15:12.42412Z,price_change,0.0600,SELL,-188,0.04,0.0500
2026-01-08T02:15:12.425312Z,price_change,0.0500,SELL,-2,0.04,0.0600
2026-01-08T02:15:12.425312Z,price_change,0.0600,SELL,-7605,0.04,0.0600
2026-01-08T02:15:12.425312Z,price_change,0.0600,SELL,-10000,0.04,0.0600
2026-01-08T02:15:12.425312Z,price_change,0.0600,SELL,-2451,0.04,0.0600
2026-01-08T02:15:12.425312Z,price_change,0.0600,SELL,-2451,0.04,0.0600
2026-01-08T02:15:12.425312Z,price_change,0.0600,SELL,-1131,0.04,0.0600
1767838512,last_trade_price,0.05,BUY,2,0.04,0.0600
1767838512,last_trade_price,0.06,BUY,7605,0.04,0.0600
1767838512,last_trade_price,0.06,BUY,10000,0.04,0.0600
1767838512,last_trade_price,0.06,BUY,2451,0.04,0.0600
1767838512,last_trade_price,0.06,BUY,2451,0.04,0.0600
1767838512,last_trade_price,0.06,BUY,1131,0.04,0.0600
2026-01-08T02:15:12.434619Z,price_change,0.03,BUY,-754,0.04,0.0600
2026-01-08T02:15:12.435891Z,price_change,0.0600,SELL,-746,0.04,0.0600
2026-01-08T02:15:12.447786Z,price_change,0.03,BUY,-188,0.04,0.0600
2026-01-08T02:15:12.450763Z,price_change,0.05,BUY,1127,0.05,0.0600
2026-01-08T02:15:12.452069Z,price_change,0.0800,SELL,373,0.05,0.0600
2026-01-08T02:15:12.464634Z,price_change,0.0600,SELL,2451,0.05,0.0600
2026-01-08T02:15:12.465755Z,price_change,0.0600,SELL,2451,0.05,0.0600
2026-01-08T02:15:12.465773Z,price_change,0.0800,SELL,-373,0.05,0.0600
2026-01-08T02:15:12.466272Z,price_change,0.03,BUY,-2451,0.05,0.0600
2026-01-08T02:15:12.477031Z,price_change,0.0900,SELL,373,0.05,0.0600
2026-01-08T02:15:12.489456Z,price_change,0.01,BUY,-282,0.05,0.0600
2026-01-08T02:15:12.501976Z,price_change,0.05,BUY,2451,0.05,0.0600
2026-01-08T02:15:12.502296Z,price_change,0.0600,SELL,-2451,0.05,0.0600
2026-01-08T02:15:12.503126Z,price_change,0.04,BUY,188,0.05,0.0600
2026-01-08T02:15:12.512525Z,price_change,0.1400,SELL,-282,0.05,0.0600
2026-01-08T02:15:12.549973Z,price_change,0.0600,SELL,-2451,0.05,0.0600
2026-01-08T02:15:12.550041Z,price_change,0.04,BUY,-188,0.05,0.0600
2026-01-08T02:15:12.554416Z,price_change,0.1400,SELL,282,0.05,0.0600
2026-01-08T02:15:12.596874Z,price_change,0.02,BUY,282,0.05,0.0600
2026-01-08T02:15:12.603048Z,price_change,0.05,BUY,188,0.05,0.0600
2026-01-08T02:15:12.606059Z,price_change,0.0600,SELL,-1320,0.05,0.0700
2026-01-08T02:15:12.620894Z,price_change,0.05,BUY,-1127,0.05,0.0700
2026-01-08T02:15:12.626365Z,price_change,0.04,BUY,-2500,0.05,0.0700
2026-01-08T02:15:12.631879Z,price_change,0.06,BUY,1127,0.06,0.0700
2026-01-08T02:15:12.635299Z,price_change,0.0900,SELL,2451,0.06,0.0700
2026-01-08T02:15:12.636029Z,price_change,0.0800,SELL,2451,0.06,0.0700
2026-01-08T02:15:12.638193Z,price_change,0.0700,SELL,2451,0.06,0.0700
2026-01-08T02:15:12.6508Z,price_change,0.1500,SELL,-750,0.06,0.0700
2026-01-08T02:15:12.6508Z,price_change,0.1600,SELL,750,0.06,0.0700
2026-01-08T02:15:12.652935Z,price_change,0.02,BUY,333,0.06,0.0700
2026-01-08T02:15:12.6564Z,price_change,0.1800,SELL,-970,0.06,0.0700
2026-01-08T02:15:12.6564Z,price_change,0.1900,SELL,970,0.06,0.0700
2026-01-08T02:15:12.658143Z,price_change,0.05,BUY,-2451,0.06,0.0700
2026-01-08T02:15:12.661298Z,price_change,0.04,BUY,-188,0.06,0.0700
2026-01-08T02:15:12.661451Z,price_change,0.05,BUY,-188,0.06,0.0700
2026-01-08T02:15:12.674577Z,price_change,0.06,BUY,-1127,0.04,0.0700
2026-01-08T02:15:12.67692Z,price_change,0.0700,SELL,1,0.04,0.0700
2026-01-08T02:15:12.693708Z,price_change,0.05,BUY,1127,0.05,0.0700
2026-01-08T02:15:12.695031Z,price_change,0.1400,SELL,-282,0.05,0.0700
2026-01-08T02:15:12.6956Z,price_change,0.05,BUY,2451,0.05,0.0700
2026-01-08T02:15:12.696509Z,price_change,0.03,BUY,188,0.05,0.0700
2026-01-08T02:15:12.698748Z,price_change,0.04,BUY,188,0.05,0.0700
2026-01-08T02:15:12.70776Z,price_change,0.05,BUY,-1127,0.05,0.0700
2026-01-08T02:15:12.717264Z,price_change,0.06,BUY,1127,0.06,0.0700
2026-01-08T02:15:12.744323Z,price_change,0.05,BUY,-2451,0.06,0.0700
2026-01-08T02:15:12.744918Z,price_change,0.1500,SELL,282,0.06,0.0700
2026-01-08T02:15:12.745448Z,price_change,0.3900,SELL,-754,0.06,0.0700
2026-01-08T02:15:12.754093Z,price_change,0.06,BUY,-1127,0.04,0.0700
2026-01-08T02:15:12.767572Z,price_change,0.05,BUY,1127,0.05,0.0700
2026-01-08T02:15:12.780719Z,price_change,0.4000,SELL,754,0.05,0.0700
2026-01-08T02:15:12.781626Z,price_change,0.05,BUY,2451,0.05,0.0700
2026-01-08T02:15:12.790723Z,price_change,0.05,BUY,-1127,0.05,0.0700
2026-01-08T02:15:12.801919Z,price_change,0.06,BUY,1127,0.06,0.0700
2026-01-08T02:15:12.811458Z,price_change,0.04,BUY,-188,0.06,0.0700
2026-01-08T02:15:12.831222Z,price_change,0.06,BUY,2500,0.06,0.0700
2026-01-08T02:15:12.832398Z,price_change,0.05,BUY,-2451,0.06,0.0700
2026-01-08T02:15:12.860443Z,price_change,0.01,BUY,5658,0.06,0.0700
2026-01-08T02:15:12.877068Z,price_change,0.04,BUY,188,0.06,0.0700
2026-01-08T02:15:12.87774Z,price_change,0.05,BUY,2451,0.06,0.0700
2026-01-08T02:15:12.936642Z,price_change,0.0700,SELL,-1,0.06,0.0700
2026-01-08T02:15:12.936642Z,price_change,0.0800,SELL,1,0.06,0.0700
2026-01-08T02:15:13.10928Z,price_change,0.0700,SELL,-150,0.06,0.0700
2026-01-08T02:15:13.10928Z,price_change,0.03,BUY,-150,0.06,0.0700
2026-01-08T02:15:13.151518Z,price_change,0.0700,SELL,-2451,0.06,0.0700
2026-01-08T02:15:13.152605Z,price_change,0.0700,SELL,-2451,0.06,0.0700
2026-01-08T02:15:13.154668Z,price_change,0.0700,SELL,-2451,0.06,0.0700
2026-01-08T02:15:13.18939Z,price_change,0.0900,SELL,2451,0.06,0.0700
2026-01-08T02:15:13.191305Z,price_change,0.0800,SELL,2451,0.06,0.0700
2026-01-08T02:15:13.192043Z,price_change,0.1000,SELL,2451,0.06,0.0700
2026-01-08T02:15:13.206595Z,price_change,0.1600,SELL,-750,0.06,0.0700
2026-01-08T02:15:13.206595Z,price_change,0.1700,SELL,750,0.06,0.0700
2026-01-08T02:15:13.208717Z,price_change,0.1900,SELL,-970,0.06,0.0700
2026-01-08T02:15:13.208717Z,price_change,0.2000,SELL,970,0.06,0.0700
2026-01-08T02:15:13.217167Z,price_change,0.04,BUY,-2451,0.06,0.0700
2026-01-08T02:15:13.244361Z,price_change,0.06,BUY,2451,0.06,0.0700
2026-01-08T02:15:13.246919Z,price_change,0.3700,SELL,-188,0.06,0.0700
2026-01-08T02:15:13.268228Z,price_change,0.02,BUY,-282,0.06,0.0700
2026-01-08T02:15:13.286331Z,price_change,0.1600,SELL,188,0.06,0.0700
2026-01-08T02:15:13.311859Z,price_change,0.03,BUY,282,0.06,0.0700
2026-01-08T02:15:13.312956Z,price_change,0.0700,SELL,-1,0.06,0.0800
2026-01-08T02:15:13.312956Z,price_change,0.0800,SELL,1,0.06,0.0800
2026-01-08T02:15:13.323542Z,price_change,0.06,BUY,-1127,0.06,0.0800
2026-01-08T02:15:13.326085Z,price_change,0.0900,SELL,-373,0.06,0.0800
2026-01-08T02:15:13.337715Z,price_change,0.07,BUY,1127,0.07,0.0800
2026-01-08T02:15:13.342525Z,price_change,0.1000,SELL,373,0.07,0.0800
2026-01-08T02:15:13.347925Z,price_change,0.04,BUY,-188,0.07,0.0800
2026-01-08T02:15:13.364216Z,price_change,0.03,BUY,414,0.07,0.0800
2026-01-08T02:15:13.367189Z,price_change,0.0900,SELL,-2451,0.07,0.0800
2026-01-08T02:15:13.367356Z,price_change,0.0900,SELL,-2451,0.07,0.0800
2026-01-08T02:15:13.368318Z,price_change,0.0800,SELL,-2451,0.07,0.0800
2026-01-08T02:15:13.36977Z,price_change,0.1000,SELL,-2451,0.07,0.0800
2026-01-08T02:15:13.375271Z,price_change,0.0800,SELL,-2451,0.07,0.0800
2026-01-08T02:15:13.385134Z,price_change,0.1000,SELL,-373,0.07,0.0800
2026-01-08T02:15:13.387056Z,price_change,0.0800,SELL,-2451,0.07,0.0800
2026-01-08T02:15:13.393251Z,price_change,0.06,BUY,188,0.07,0.0800
2026-01-08T02:15:13.401995Z,price_change,0.1100,SELL,373,0.07,0.0800
2026-01-08T02:15:13.418007Z,price_change,0.1500,SELL,378,0.07,0.0800
2026-01-08T02:15:13.426207Z,price_change,0.1100,SELL,-373,0.07,0.0800
2026-01-08T02:15:13.426862Z,price_change,0.1700,SELL,-750,0.07,0.0800
2026-01-08T02:15:13.426862Z,price_change,0.2600,SELL,750,0.07,0.0800
2026-01-08T02:15:13.432211Z,price_change,0.1500,SELL,-378,0.07,0.0800
2026-01-08T02:15:13.432211Z,price_change,0.1400,SELL,500,0.07,0.0800
2026-01-08T02:15:13.43243Z,price_change,0.1500,SELL,2451,0.07,0.0800
2026-01-08T02:15:13.43285Z,price_change,0.1600,SELL,2451,0.07,0.0800
2026-01-08T02:15:13.433771Z,price_change,0.1700,SELL,2451,0.07,0.0800
2026-01-08T02:15:13.434347Z,price_change,0.1500,SELL,2451,0.07,0.0800
2026-01-08T02:15:13.436515Z,price_change,0.1500,SELL,2451,0.07,0.0800
2026-01-08T02:15:13.436703Z,price_change,0.1000,SELL,373,0.07,0.0800
2026-01-08T02:15:13.440078Z,price_change,0.1600,SELL,2451,0.07,0.0800
2026-01-08T02:15:13.443584Z,price_change,0.1500,SELL,-282,0.07,0.0800
2026-01-08T02:15:13.451722Z,price_change,0.1000,SELL,-373,0.07,0.0800
2026-01-08T02:15:13.45623Z,price_change,0.0800,SELL,-1,0.07,0.0800
2026-01-08T02:15:13.45623Z,price_change,0.1400,SELL,1,0.07,0.0800
2026-01-08T02:15:13.456576Z,price_change,0.2000,SELL,-970,0.07,0.0800
2026-01-08T02:15:13.456576Z,price_change,0.2700,SELL,970,0.07,0.0800
2026-01-08T02:15:13.464623Z,price_change,0.1100,SELL,373,0.07,0.0800
2026-01-08T02:15:13.465308Z,price_change,0.2600,SELL,-750,0.07,0.0800
2026-01-08T02:15:13.465308Z,price_change,0.2300,SELL,750,0.07,0.0800
2026-01-08T02:15:13.469566Z,price_change,0.1600,SELL,-188,0.07,0.0800
2026-01-08T02:15:13.476354Z,price_change,0.0800,SELL,-1,0.07,0.1100
2026-01-08T02:15:13.476354Z,price_change,0.1400,SELL,1,0.07,0.1100
2026-01-08T02:15:13.476889Z,price_change,0.1600,SELL,-2451,0.07,0.1100
2026-01-08T02:15:13.477985Z,price_change,0.1500,SELL,-2451,0.07,0.1100
2026-01-08T02:15:13.478002Z,price_change,0.1700,SELL,-2451,0.07,0.1100
2026-01-08T02:15:13.478566Z,price_change,0.1300,SELL,282,0.07,0.1100
2026-01-08T02:15:13.478612Z,price_change,0.1500,SELL,-2451,0.07,0.1100
2026-01-08T02:15:13.479402Z,price_change,0.1500,SELL,-2451,0.07,0.1100
2026-01-08T02:15:13.48066Z,price_change,0.1600,SELL,-2451,0.07,0.1100
2026-01-08T02:15:13.48673Z,price_change,0.1100,SELL,-373,0.07,0.1300
2026-01-08T02:15:13.504259Z,price_change,0.1300,SELL,373,0.07,0.1300
2026-01-08T02:15:13.507326Z,price_change,0.2300,SELL,-750,0.07,0.1300
2026-01-08T02:15:13.507326Z,price_change,0.2000,SELL,750,0.07,0.1300
2026-01-08T02:15:13.508748Z,price_change,0.1400,SELL,-1,0.07,0.1300
2026-01-08T02:15:13.508748Z,price_change,0.0900,SELL,1,0.07,0.0900
2026-01-08T02:15:13.513581Z,price_change,0.1100,SELL,2451,0.07,0.0900
2026-01-08T02:15:13.515211Z,price_change,0.3700,SELL,188,0.07,0.0900
2026-01-08T02:15:13.516022Z,price_change,0.1300,SELL,-282,0.07,0.0900
2026-01-08T02:15:13.517329Z,price_change,0.1000,SELL,2451,0.07,0.0900
2026-01-08T02:15:13.518052Z,price_change,0.1000,SELL,2451,0.07,0.0900
2026-01-08T02:15:13.518674Z,price_change,0.1300,SELL,-373,0.07,0.0900
2026-01-08T02:15:13.519609Z,price_change,0.1000,SELL,2451,0.07,0.0900
2026-01-08T02:15:13.520487Z,price_change,0.1100,SELL,2451,0.07,0.0900
2026-01-08T02:15:13.520503Z,price_change,0.1200,SELL,2451,0.07,0.0900
2026-01-08T02:15:13.52671Z,price_change,0.4000,SELL,-754,0.07,0.0900
2026-01-08T02:15:13.53048Z,price_change,0.1100,SELL,373,0.07,0.0900
2026-01-08T02:15:13.537371Z,price_change,0.1400,SELL,-1,0.07,0.0900
2026-01-08T02:15:13.537371Z,price_change,0.1000,SELL,1,0.07,0.0900
2026-01-08T02:15:13.551954Z,price_change,0.1200,SELL,-2451,0.07,0.0900
2026-01-08T02:15:13.552437Z,price_change,0.1000,SELL,-2451,0.07,0.0900
2026-01-08T02:15:13.553583Z,price_change,0.1000,SELL,-2451,0.07,0.0900
2026-01-08T02:15:13.554228Z,price_change,0.1300,SELL,282,0.07,0.0900
2026-01-08T02:15:13.554942Z,price_change,0.1000,SELL,-2451,0.07,0.0900
2026-01-08T02:15:13.554994Z,price_change,0.1100,SELL,-2451,0.07,0.0900
2026-01-08T02:15:13.556659Z,price_change,0.2700,SELL,-970,0.07,0.0900
2026-01-08T02:15:13.556659Z,price_change,0.2200,SELL,970,0.07,0.0900
2026-01-08T02:15:13.558436Z,price_change,0.1100,SELL,-2451,0.07,0.0900
2026-01-08T02:15:13.567157Z,price_change,0.6400,SELL,754,0.07,0.0900
2026-01-08T02:15:13.576983Z,price_change,0.0900,SELL,-1,0.07,0.1000
2026-01-08T02:15:13.576983Z,price_change,0.1000,SELL,1,0.07,0.1000
2026-01-08T02:15:13.582479Z,price_change,0.1400,SELL,-500,0.07,0.1000
2026-01-08T02:15:13.582479Z,price_change,0.1300,SELL,500,0.07,0.1000
2026-01-08T02:15:13.58676Z,price_change,0.1000,SELL,2451,0.07,0.1000
2026-01-08T02:15:13.586841Z,price_change,0.1100,SELL,2451,0.07,0.1000
2026-01-08T02:15:13.586967Z,price_change,0.1000,SELL,2451,0.07,0.1000
2026-01-08T02:15:13.587794Z,price_change,0.1100,SELL,2451,0.07,0.1000
2026-01-08T02:15:13.588307Z,price_change,0.1300,SELL,-282,0.07,0.1000
2026-01-08T02:15:13.588876Z,price_change,0.1200,SELL,2451,0.07,0.1000
2026-01-08T02:15:13.59026Z,price_change,0.1000,SELL,2451,0.07,0.1000
2026-01-08T02:15:13.597206Z,price_change,0.1300,SELL,-500,0.07,0.1000
2026-01-08T02:15:13.597206Z,price_change,0.1500,SELL,500,0.07,0.1000
2026-01-08T02:15:13.608141Z,price_change,0.1500,SELL,-500,0.07,0.1000
2026-01-08T02:15:13.615279Z,price_change,0.2200,SELL,-970,0.07,0.1000
2026-01-08T02:15:13.615279Z,price_change,0.2600,SELL,970,0.07,0.1000
2026-01-08T02:15:13.625154Z,price_change,0.2000,SELL,-750,0.07,0.1000
2026-01-08T02:15:13.625154Z,price_change,0.1900,SELL,750,0.07,0.1000
2026-01-08T02:15:13.625854Z,price_change,0.1100,SELL,282,0.07,0.1000
2026-01-08T02:15:13.656571Z,price_change,0.2600,SELL,-970,0.07,0.1000
2026-01-08T02:15:13.656571Z,price_change,0.2200,SELL,970,0.07,0.1000
2026-01-08T02:15:13.780157Z,price_change,0.08,BUY,5,0.08,0.1000
2026-01-08T02:15:13.781654Z,price_change,0.1200,SELL,5,0.08,0.1000
2026-01-08T02:15:13.796484Z,price_change,0.07,BUY,-1127,0.08,0.1000
2026-01-08T02:15:13.807724Z,price_change,0.08,BUY,1127,0.08,0.1000
2026-01-08T02:15:13.810614Z,price_change,0.08,BUY,-1127,0.08,0.1000
2026-01-08T02:15:13.811767Z,price_change,0.04,BUY,423,0.08,0.1000
2026-01-08T02:15:13.821324Z,price_change,0.08,BUY,-5,0.06,0.1000
2026-01-08T02:15:13.826831Z,price_change,0.08,BUY,1127,0.08,0.1000
2026-01-08T02:15:13.827954Z,price_change,0.03,BUY,-188,0.08,0.1000
2026-01-08T02:15:13.829687Z,price_change,0.08,BUY,-1127,0.06,0.1000
2026-01-08T02:15:13.842191Z,price_change,0.07,BUY,1127,0.07,0.1000
2026-01-08T02:15:13.860103Z,price_change,0.1200,SELL,-5,0.07,0.1000
2026-01-08T02:15:13.865375Z,price_change,0.06,BUY,188,0.07,0.1000
2026-01-08T02:15:14.164719Z,price_change,0.07,BUY,-1127,0.06,0.1000
2026-01-08T02:15:14.165897Z,price_change,0.1100,SELL,-373,0.06,0.1000
2026-01-08T02:15:14.179071Z,price_change,0.06,BUY,563,0.06,0.1000
2026-01-08T02:15:14.180337Z,price_change,0.0900,SELL,936,0.06,0.0900
2026-01-08T02:15:14.195103Z,price_change,0.06,BUY,-188,0.06,0.0900
2026-01-08T02:15:14.195504Z,price_change,0.1100,SELL,-282,0.06,0.0900
2026-01-08T02:15:14.197109Z,price_change,0.03,BUY,-282,0.06,0.0900
2026-01-08T02:15:14.198539Z,price_change,0.05,BUY,-2451,0.06,0.0900
2026-01-08T02:15:14.208311Z,price_change,0.1100,SELL,-2451,0.06,0.0900
2026-01-08T02:15:14.209299Z,price_change,0.1100,SELL,-2451,0.06,0.0900
2026-01-08T02:15:14.210663Z,price_change,0.1000,SELL,-2451,0.06,0.0900
2026-01-08T02:15:14.211105Z,price_change,0.1000,SELL,-2451,0.06,0.0900
2026-01-08T02:15:14.211466Z,price_change,0.1200,SELL,-2451,0.06,0.0900
2026-01-08T02:15:14.214578Z,price_change,0.1000,SELL,-2451,0.06,0.0900
2026-01-08T02:15:14.227179Z,price_change,0.1900,SELL,-750,0.06,0.0900
2026-01-08T02:15:14.227179Z,price_change,0.1800,SELL,750,0.06,0.0900
2026-01-08T02:15:14.2421Z,price_change,0.07,BUY,188,0.07,0.0900
2026-01-08T02:15:14.242548Z,price_change,0.07,BUY,2451,0.07,0.0900
2026-01-08T02:15:14.243629Z,price_change,0.1500,SELL,282,0.07,0.0900
2026-01-08T02:15:14.244491Z,price_change,0.04,BUY,282,0.07,0.0900
2026-01-08T02:15:14.251859Z,price_change,0.1000,SELL,-1,0.07,0.0900
2026-01-08T02:15:14.251859Z,price_change,0.0900,SELL,1,0.07,0.0900
2026-01-08T02:15:14.258088Z,price_change,0.2200,SELL,-970,0.07,0.0900
2026-01-08T02:15:14.258088Z,price_change,0.2100,SELL,970,0.07,0.0900
2026-01-08T02:15:14.260895Z,price_change,0.0900,SELL,2451,0.07,0.0900
2026-01-08T02:15:14.26228Z,price_change,0.0900,SELL,2451,0.07,0.0900
2026-01-08T02:15:14.262516Z,price_change,0.1000,SELL,2451,0.07,0.0900
2026-01-08T02:15:14.262656Z,price_change,0.1100,SELL,2451,0.07,0.0900
2026-01-08T02:15:14.262959Z,price_change,0.0900,SELL,2451,0.07,0.0900
2026-01-08T02:15:14.27236Z,price_change,0.1000,SELL,2451,0.07,0.0900
2026-01-08T02:15:14.274849Z,price_change,0.1000,SELL,-1,0.07,0.0900
2026-01-08T02:15:14.274849Z,price_change,0.1600,SELL,1,0.07,0.0900
2026-01-08T02:15:14.328248Z,price_change,0.1600,SELL,-1,0.07,0.0900
2026-01-08T02:15:14.328248Z,price_change,0.1000,SELL,1,0.07,0.0900
2026-01-08T02:15:15.696407Z,price_change,0.1700,SELL,-1500,0.07,0.0900
2026-01-08T02:15:15.696407Z,price_change,0.1800,SELL,1500,0.07,0.0900
2026-01-08T02:15:15.739517Z,price_change,0.3700,SELL,-188,0.07,0.0900
2026-01-08T02:15:15.77466Z,price_change,0.1700,SELL,188,0.07,0.0900
2026-01-08T02:15:16.687139Z,price_change,0.0800,SELL,150,0.07,0.0800
2026-01-08T02:15:16.690162Z,price_change,0.04,BUY,150,0.07,0.0800
2026-01-08T02:15:16.749288Z,price_change,0.1000,SELL,-1,0.07,0.0800
2026-01-08T02:15:16.749288Z,price_change,0.0900,SELL,1,0.07,0.0800
2026-01-08T02:15:18.410844Z,price_change,0.05,BUY,691,0.07,0.0800
2026-01-08T02:15:18.411538Z,price_change,0.3900,SELL,691,0.07,0.0800
2026-01-08T02:15:18.769457Z,price_change,0.1100,SELL,-2451,0.07,0.0800
2026-01-08T02:15:18.770008Z,price_change,0.0900,SELL,-2451,0.07,0.0800
2026-01-08T02:15:18.770595Z,price_change,0.0900,SELL,188,0.07,0.0800
2026-01-08T02:15:18.771448Z,price_change,0.1000,SELL,-2451,0.07,0.0800
2026-01-08T02:15:18.809235Z,price_change,0.0800,SELL,2451,0.07,0.0800
2026-01-08T02:15:18.844622Z,price_change,0.1800,SELL,-750,0.07,0.0800
2026-01-08T02:15:18.844622Z,price_change,0.1700,SELL,750,0.07,0.0800
2026-01-08T02:15:18.845872Z,price_change,0.07,BUY,-188,0.07,0.0800
2026-01-08T02:15:18.857785Z,price_change,0.2100,SELL,-970,0.07,0.0800
2026-01-08T02:15:18.857785Z,price_change,0.2000,SELL,970,0.07,0.0800
2026-01-08T02:15:18.883964Z,price_change,0.0800,SELL,2451,0.07,0.0800
2026-01-08T02:15:18.88408Z,price_change,0.1700,SELL,-188,0.07,0.0800
2026-01-08T02:15:18.886948Z,price_change,0.06,BUY,188,0.07,0.0800
2026-01-08T02:15:18.920275Z,price_change,0.3700,SELL,188,0.07,0.0800
2026-01-08T02:15:19.586554Z,price_change,0.07,BUY,-2451,0.06,0.0800
2026-01-08T02:15:19.588844Z,price_change,0.04,BUY,-282,0.06,0.0800
2026-01-08T02:15:19.589084Z,price_change,0.0800,SELL,2451,0.06,0.0800
2026-01-08T02:15:19.589876Z,price_change,0.0900,SELL,-188,0.06,0.0800
2026-01-08T02:15:19.597956Z,price_change,0.06,BUY,-563,0.06,0.0800
2026-01-08T02:15:19.599267Z,price_change,0.0900,SELL,-936,0.06,0.0800
2026-01-08T02:15:19.606789Z,price_change,0.05,BUY,569,0.06,0.0800
2026-01-08T02:15:19.611816Z,price_change,0.0800,SELL,931,0.06,0.0800
2026-01-08T02:15:19.66023Z,price_change,0.05,BUY,2451,0.06,0.0800
2026-01-08T02:15:19.662114Z,price_change,0.0800,SELL,188,0.06,0.0800
2026-01-08T02:15:19.666311Z,price_change,0.03,BUY,282,0.06,0.0800
2026-01-08T02:15:19.686476Z,price_change,0.0900,SELL,-1,0.06,0.0800
2026-01-08T02:15:19.686476Z,price_change,0.0800,SELL,1,0.06,0.0800
2026-01-08T02:15:20.173416Z,price_change,0.0800,SELL,-70,0.06,0.0800
1767838520,last_trade_price,0.08,BUY,70,0.06,0.0800
2026-01-08T02:15:20.198487Z,price_change,0.0800,SELL,7500,0.06,0.0800
2026-01-08T02:15:20.980746Z,price_change,0.0900,SELL,2000,0.06,0.0800
2026-01-08T02:15:21.004784Z,price_change,0.05,BUY,-691,0.06,0.0800
2026-01-08T02:15:21.004784Z,price_change,0.3900,SELL,-691,0.06,0.0800
2026-01-08T02:15:21.024211Z,price_change,0.06,BUY,-188,0.06,0.0800
2026-01-08T02:15:21.027288Z,price_change,0.3700,SELL,-188,0.06,0.0800
2026-01-08T02:15:21.067321Z,price_change,0.03,BUY,188,0.06,0.0800
2026-01-08T02:15:21.068304Z,price_change,0.0900,SELL,188,0.06,0.0800
2026-01-08T02:15:21.946431Z,price_change,0.0900,SELL,-188,0.06,0.0800
2026-01-08T02:15:21.947579Z,price_change,0.6400,SELL,-754,0.06,0.0800
2026-01-08T02:15:21.990239Z,price_change,0.4000,SELL,754,0.06,0.0800
2026-01-08T02:15:21.994197Z,price_change,0.0800,SELL,188,0.06,0.0800
2026-01-08T02:15:22.214395Z,price_change,0.02,BUY,690,0.06,0.0800
2026-01-08T02:15:22.215811Z,price_change,0.0700,SELL,690,0.06,0.0700
2026-01-08T02:15:22.24721Z,price_change,0.1700,SELL,-750,0.06,0.0700
2026-01-08T02:15:22.24721Z,price_change,0.1600,SELL,750,0.06,0.0700
2026-01-08T02:15:22.249556Z,price_change,0.04,BUY,-423,0.06,0.0700
2026-01-08T02:15:22.259983Z,price_change,0.2000,SELL,-970,0.06,0.0700
2026-01-08T02:15:22.259983Z,price_change,0.1900,SELL,970,0.06,0.0700
2026-01-08T02:15:22.367604Z,price_change,0.0800,SELL,-80,0.06,0.0700
2026-01-08T02:15:22.398363Z,price_change,0.0900,SELL,-1,0.06,0.0700
2026-01-08T02:15:22.398363Z,price_change,0.0800,SELL,1,0.06,0.0700
2026-01-08T02:15:22.403425Z,price_change,0.1000,SELL,150,0.06,0.0700
2026-01-08T02:15:22.406659Z,price_change,0.06,BUY,150,0.06,0.0700
2026-01-08T02:15:22.423237Z,price_change,0.04,BUY,-150,0.06,0.0700
2026-01-08T02:15:23.438893Z,price_change,0.0900,SELL,-2451,0.06,0.0700
2026-01-08T02:15:23.440515Z,price_change,0.0800,SELL,-2451,0.06,0.0700
2026-01-08T02:15:23.441724Z,price_change,0.1000,SELL,-2451,0.06,0.0700
2026-01-08T02:15:23.480449Z,price_change,0.0700,SELL,2451,0.06,0.0700
2026-01-08T02:15:24.322074Z,price_change,0.1500,SELL,-282,0.06,0.0700
2026-01-08T02:15:24.357248Z,price_change,0.06,BUY,-188,0.06,0.0700
2026-01-08T02:15:24.363016Z,price_change,0.1000,SELL,282,0.06,0.0700
2026-01-08T02:15:24.398114Z,price_change,0.05,BUY,188,0.06,0.0700
2026-01-08T02:15:24.520302Z,price_change,0.0700,SELL,-2,0.06,0.0700
1767838524,last_trade_price,0.07,BUY,2,0.06,0.0700
2026-01-08T02:15:24.933383Z,price_change,0.06,BUY,10,0.06,0.0700
2026-01-08T02:15:24.970229Z,price_change,0.0700,SELL,2451,0.06,0.0700
2026-01-08T02:15:25.59496Z,price_change,0.0700,SELL,-688,0.06,0.0700
2026-01-08T02:15:25.59496Z,price_change,0.0700,SELL,-430,0.06,0.0700
1767838525,last_trade_price,0.07,BUY,688,0.06,0.0700
1767838525,last_trade_price,0.07,BUY,430,0.06,0.0700
2026-01-08T02:15:25.652206Z,price_change,0.0800,SELL,200,0.06,0.0700
2026-01-08T02:15:25.673187Z,price_change,0.03,BUY,200,0.06,0.0700
2026-01-08T02:15:25.695864Z,price_change,0.03,BUY,125,0.06,0.0700
2026-01-08T02:15:25.696045Z,price_change,0.0900,SELL,300,0.06,0.0700
2026-01-08T02:15:26.777515Z,price_change,0.05,BUY,-188,0.06,0.0700
2026-01-08T02:15:26.778149Z,price_change,0.0700,SELL,-2451,0.06,0.0700
2026-01-08T02:15:26.778974Z,price_change,0.1000,SELL,-282,0.06,0.0700
2026-01-08T02:15:26.818882Z,price_change,0.06,BUY,188,0.06,0.0700
2026-01-08T02:15:26.81945Z,price_change,0.1500,SELL,282,0.06,0.0700
2026-01-08T02:15:28.050746Z,price_change,0.0700,SELL,-67,0.06,0.0700
1767838528,last_trade_price,0.07,BUY,67,0.06,0.0700
2026-01-08T02:15:28.85578Z,price_change,0.0900,SELL,-2000,0.06,0.0700
2026-01-08T02:15:28.856718Z,price_change,0.02,BUY,-690,0.06,0.0700
2026-01-08T02:15:28.89246Z,price_change,0.1500,SELL,-282,0.06,0.0700
2026-01-08T02:15:28.893169Z,price_change,0.06,BUY,-188,0.06,0.0700
2026-01-08T02:15:28.896513Z,price_change,0.0700,SELL,2451,0.06,0.0700
2026-01-08T02:15:28.934881Z,price_change,0.1000,SELL,282,0.06,0.0700
2026-01-08T02:15:28.935492Z,price_change,0.05,BUY,188,0.06,0.0700
2026-01-08T02:15:30.35258Z,price_change,0.0800,SELL,2000,0.06,0.0700
2026-01-08T02:15:31.544446Z,price_change,0.02,BUY,690,0.06,0.0700
2026-01-08T02:15:31.791166Z,price_change,0.0800,SELL,690,0.06,0.0700
2026-01-08T02:15:32.737845Z,price_change,0.0700,SELL,2451,0.06,0.0700
2026-01-08T02:15:32.768909Z,price_change,0.0700,SELL,-2451,0.06,0.0700
2026-01-08T02:15:33.128343Z,price_change,0.0700,SELL,-26,0.06,0.0700
1767838533,last_trade_price,0.07,BUY,26,0.06,0.0700
2026-01-08T02:15:34.18111Z,price_change,0.0800,SELL,-1,0.06,0.0700
2026-01-08T02:15:34.251758Z,price_change,0.0900,SELL,-300,0.06,0.0700
2026-01-08T02:15:34.253262Z,price_change,0.03,BUY,-125,0.06,0.0700
2026-01-08T02:15:34.313531Z,price_change,0.03,BUY,-200,0.06,0.0700
2026-01-08T02:15:34.317064Z,price_change,0.0800,SELL,-200,0.06,0.0700
2026-01-08T02:15:34.356031Z,price_change,0.05,BUY,691,0.06,0.0700
2026-01-08T02:15:34.356631Z,price_change,0.3900,SELL,691,0.06,0.0700
2026-01-08T02:15:34.356774Z,price_change,0.0800,SELL,452,0.06,0.0700
2026-01-08T02:15:34.359129Z,price_change,0.0700,SELL,-1928,0.06,0.0700
2026-01-08T02:15:34.360184Z,price_change,0.0700,SELL,-2451,0.06,0.0800
2026-01-08T02:15:34.363534Z,price_change,0.05,BUY,-188,0.06,0.0800
2026-01-08T02:15:34.363593Z,price_change,0.1000,SELL,-282,0.06,0.0800
2026-01-08T02:15:34.394433Z,price_change,0.1000,SELL,2451,0.06,0.0800
2026-01-08T02:15:34.397114Z,price_change,0.0800,SELL,2451,0.06,0.0800
2026-01-08T02:15:34.397203Z,price_change,0.0900,SELL,2451,0.06,0.0800
2026-01-08T02:15:34.39814Z,price_change,0.1500,SELL,282,0.06,0.0800
2026-01-08T02:15:34.398853Z,price_change,0.06,BUY,188,0.06,0.0800
2026-01-08T02:15:34.404668Z,price_change,0.1600,SELL,-750,0.06,0.0800
2026-01-08T02:15:34.404668Z,price_change,0.1700,SELL,750,0.06,0.0800
2026-01-08T02:15:34.408082Z,price_change,0.1900,SELL,-970,0.06,0.0800
2026-01-08T02:15:34.408082Z,price_change,0.2000,SELL,970,0.06,0.0800
2026-01-08T02:15:34.422738Z,price_change,0.04,BUY,452,0.06,0.0800
2026-01-08T02:15:34.439804Z,price_change,0.0800,SELL,-1,0.06,0.0800
2026-01-08T02:15:34.613394Z,price_change,0.0800,SELL,-452,0.06,0.0800
2026-01-08T02:15:36.927508Z,price_change,0.0800,SELL,-2000,0.06,0.0800
2026-01-08T02:15:36.929363Z,price_change,0.02,BUY,-690,0.06,0.0800
2026-01-08T02:15:36.930845Z,price_change,0.0800,SELL,-690,0.06,0.0800
2026-01-08T02:15:37.000213Z,price_change,0.05,BUY,-691,0.06,0.0800
2026-01-08T02:15:37.000213Z,price_change,0.3900,SELL,-691,0.06,0.0800
2026-01-08T02:15:37.860396Z,price_change,0.06,BUY,-2500,0.06,0.0800
2026-01-08T02:15:37.88417Z,price_change,0.0800,SELL,-7500,0.06,0.0800
2026-01-08T02:15:37.928515Z,price_change,0.0800,SELL,-188,0.06,0.0800
2026-01-08T02:15:37.968036Z,price_change,0.6700,SELL,188,0.06,0.0800
2026-01-08T02:15:38.253887Z,price_change,0.06,BUY,11820,0.06,0.0800
2026-01-08T02:15:38.302969Z,price_change,0.03,BUY,125,0.06,0.0800
2026-01-08T02:15:38.302997Z,price_change,0.0900,SELL,300,0.06,0.0800
2026-01-08T02:15:38.609019Z,price_change,0.0800,SELL,200,0.06,0.0800
2026-01-08T02:15:38.612094Z,price_change,0.03,BUY,200,0.06,0.0800
2026-01-08T02:15:38.800798Z,price_change,0.1200,SELL,2000,0.06,0.0800
2026-01-08T02:15:38.840812Z,price_change,0.6700,SELL,-188,0.06,0.0800
2026-01-08T02:15:38.864337Z,price_change,0.1500,SELL,-282,0.06,0.0800
2026-01-08T02:15:38.895685Z,price_change,0.1100,SELL,188,0.06,0.0800
2026-01-08T02:15:38.911557Z,price_change,0.1100,SELL,282,0.06,0.0800
2026-01-08T02:15:39.862542Z,price_change,0.02,BUY,690,0.06,0.0800
2026-01-08T02:15:39.8636Z,price_change,0.1000,SELL,690,0.06,0.0800
2026-01-08T02:15:40.035863Z,price_change,0.06,BUY,2500,0.06,0.0800
2026-01-08T02:15:40.110626Z,price_change,0.0800,SELL,7500,0.06,0.0800
2026-01-08T02:15:40.391739Z,price_change,0.1100,SELL,-188,0.06,0.0800
2026-01-08T02:15:40.429012Z,price_change,0.0800,SELL,188,0.06,0.0800
2026-01-08T02:15:42.369119Z,price_change,0.0900,SELL,518,0.06,0.0800
2026-01-08T02:15:42.407758Z,price_change,0.05,BUY,518,0.06,0.0800
2026-01-08T02:15:42.713539Z,price_change,0.04,BUY,-452,0.06,0.0800
2026-01-08T02:15:43.897863Z,price_change,0.03,BUY,-414,0.06,0.0800
2026-01-08T02:15:46.269498Z,price_change,0.06,BUY,-2451,0.06,0.0800
2026-01-08T02:15:46.269498Z,price_change,0.06,BUY,-150,0.06,0.0800
2026-01-08T02:15:46.269498Z,price_change,0.06,BUY,-10,0.06,0.0800
2026-01-08T02:15:46.269498Z,price_change,0.06,BUY,-188,0.06,0.0800
2026-01-08T02:15:46.269498Z,price_change,0.06,BUY,-2613,0.06,0.0800
1767838546,last_trade_price,0.94,SELL,2451,0.06,0.0800
1767838546,last_trade_price,0.94,SELL,150,0.06,0.0800
1767838546,last_trade_price,0.94,SELL,10,0.06,0.0800
1767838546,last_trade_price,0.94,SELL,188,0.06,0.0800
1767838546,last_trade_price,0.94,SELL,2613,0.06,0.0800
2026-01-08T02:15:46.320473Z,price_change,0.1000,SELL,-2451,0.06,0.0800
2026-01-08T02:15:46.320504Z,price_change,0.06,BUY,2449,0.06,0.0800
2026-01-08T02:15:46.322029Z,price_change,0.0800,SELL,-2451,0.06,0.0800
2026-01-08T02:15:46.322204Z,price_change,0.0900,SELL,-2451,0.06,0.0800
2026-01-08T02:15:46.356434Z,price_change,0.0700,SELL,2449,0.06,0.0700
2026-01-08T02:15:46.382523Z,price_change,0.6400,SELL,-160,0.06,0.0700
2026-01-08T02:15:46.385487Z,price_change,0.5300,SELL,135,0.06,0.0700
2026-01-08T02:15:46.404475Z,price_change,0.1700,SELL,-750,0.06,0.0700
2026-01-08T02:15:46.404475Z,price_change,0.1600,SELL,750,0.06,0.0700
2026-01-08T02:15:46.409011Z,price_change,0.2000,SELL,-970,0.06,0.0700
2026-01-08T02:15:46.409011Z,price_change,0.1900,SELL,970,0.06,0.0700
2026-01-08T02:15:46.432777Z,price_change,0.5400,SELL,-4715,0.06,0.0700
2026-01-08T02:15:46.466692Z,price_change,0.5200,SELL,4711,0.06,0.0700
2026-01-08T02:15:47.081511Z,price_change,0.06,BUY,15,0.06,0.0700
2026-01-08T02:15:47.143355Z,price_change,0.1000,SELL,-150,0.06,0.0700
2026-01-08T02:15:47.891997Z,price_change,0.0800,SELL,-188,0.06,0.0700
2026-01-08T02:15:47.908964Z,price_change,0.05,BUY,-569,0.06,0.0700
2026-01-08T02:15:47.910067Z,price_change,0.0800,SELL,-931,0.06,0.0700
2026-01-08T02:15:47.926075Z,price_change,0.06,BUY,1034,0.06,0.0700
2026-01-08T02:15:47.929073Z,price_change,0.0900,SELL,465,0.06,0.0700
2026-01-08T02:15:47.940217Z,price_change,0.06,BUY,188,0.06,0.0700
2026-01-08T02:15:47.941407Z,price_change,0.0700,SELL,-2449,0.06,0.0800
2026-01-08T02:15:47.984858Z,price_change,0.0900,SELL,2449,0.06,0.0800
2026-01-08T02:15:47.986038Z,price_change,0.0800,SELL,2449,0.06,0.0800
2026-01-08T02:15:47.986057Z,price_change,0.1600,SELL,-750,0.06,0.0800
2026-01-08T02:15:47.986057Z,price_change,0.1700,SELL,750,0.06,0.0800
2026-01-08T02:15:47.98626Z,price_change,0.1000,SELL,2449,0.06,0.0800
2026-01-08T02:15:48.008812Z,price_change,0.1900,SELL,-970,0.06,0.0800
2026-01-08T02:15:48.008812Z,price_change,0.2000,SELL,970,0.06,0.0800
2026-01-08T02:15:48.471386Z,price_change,0.0700,SELL,23894,0.06,0.0700
2026-01-08T02:15:48.509854Z,price_change,0.06,BUY,-9207,0.06,0.0700
2026-01-08T02:15:48.557808Z,price_change,0.0700,SELL,-11947,0.06,0.0700
2026-01-08T02:15:48.602859Z,price_change,0.0900,SELL,-2449,0.06,0.0700
2026-01-08T02:15:48.605126Z,price_change,0.0800,SELL,-2449,0.06,0.0700
2026-01-08T02:15:48.605269Z,price_change,0.1000,SELL,-2449,0.06,0.0700
2026-01-08T02:15:48.608175Z,price_change,0.2000,SELL,-970,0.06,0.0700
2026-01-08T02:15:48.608175Z,price_change,0.1900,SELL,970,0.06,0.0700
2026-01-08T02:15:48.64101Z,price_change,0.0700,SELL,2449,0.06,0.0700
2026-01-08T02:15:48.707207Z,price_change,0.1700,SELL,-750,0.06,0.0700
2026-01-08T02:15:48.707207Z,price_change,0.1600,SELL,750,0.06,0.0700
2026-01-08T02:15:48.784803Z,price_change,0.05,BUY,-518,0.06,0.0700
2026-01-08T02:15:48.804528Z,price_change,0.03,BUY,-200,0.06,0.0700
2026-01-08T02:15:48.809508Z,price_change,0.0800,SELL,-200,0.06,0.0700
2026-01-08T02:15:48.856214Z,price_change,0.1100,SELL,-282,0.06,0.0700
2026-01-08T02:15:48.888788Z,price_change,0.0700,SELL,2449,0.06,0.0700
2026-01-08T02:15:48.889815Z,price_change,0.1000,SELL,282,0.06,0.0700
2026-01-08T02:15:48.890265Z,price_change,0.0900,SELL,-300,0.06,0.0700
2026-01-08T02:15:48.892762Z,price_change,0.03,BUY,-125,0.06,0.0700
2026-01-08T02:15:48.894952Z,price_change,0.06,BUY,-188,0.06,0.0700
2026-01-08T02:15:48.933489Z,price_change,0.05,BUY,188,0.06,0.0700
2026-01-08T02:15:49.162321Z,price_change,0.1800,SELL,-1500,0.06,0.0700
2026-01-08T02:15:49.162321Z,price_change,0.1700,SELL,1500,0.06,0.0700
2026-01-08T02:15:49.349674Z,price_change,0.0700,SELL,1,0.06,0.0700
2026-01-08T02:15:49.385936Z,price_change,0.0700,SELL,2449,0.06,0.0700
2026-01-08T02:15:49.708533Z,price_change,0.3900,SELL,691,0.06,0.0700
2026-01-08T02:15:49.709007Z,price_change,0.05,BUY,691,0.06,0.0700
2026-01-08T02:15:49.781908Z,price_change,0.03,BUY,-282,0.06,0.0700
2026-01-08T02:15:49.928871Z,price_change,0.02,BUY,282,0.06,0.0700
2026-01-08T02:15:50.266559Z,price_change,0.06,BUY,-21,0.06,0.0700
1767838550,last_trade_price,0.94,SELL,21,0.06,0.0700
2026-01-08T02:15:50.395221Z,price_change,0.0800,SELL,514,0.06,0.0700
2026-01-08T02:15:50.396704Z,price_change,0.04,BUY,514,0.06,0.0700
2026-01-08T02:15:50.544211Z,price_change,0.0700,SELL,-9,0.06,0.0700
1767838550,last_trade_price,0.07,BUY,9,0.06,0.0700
2026-01-08T02:15:50.686415Z,price_change,0.0900,SELL,-518,0.06,0.0700
2026-01-08T02:15:50.700949Z,price_change,0.06,BUY,-2449,0.06,0.0700
2026-01-08T02:15:50.733945Z,price_change,0.04,BUY,2449,0.06,0.0700
2026-01-08T02:15:51.012574Z,price_change,0.0700,SELL,-254,0.06,0.0700
1767838551,last_trade_price,0.07,BUY,254,0.06,0.0700
2026-01-08T02:15:51.953665Z,price_change,0.0700,SELL,188,0.06,0.0700
2026-01-08T02:15:52.000012Z,price_change,0.3900,SELL,-691,0.06,0.0700
2026-01-08T02:15:52.000012Z,price_change,0.05,BUY,-691,0.06,0.0700
2026-01-08T02:15:52.144907Z,price_change,0.1700,SELL,-1500,0.06,0.0700
2026-01-08T02:15:52.144907Z,price_change,0.0700,SELL,5000,0.06,0.0700
2026-01-08T02:15:52.185025Z,price_change,0.02,BUY,5000,0.06,0.0700
2026-01-08T02:15:52.618148Z,price_change,0.1200,SELL,-2000,0.06,0.0700
2026-01-08T02:15:52.618967Z,price_change,0.02,BUY,-690,0.06,0.0700
2026-01-08T02:15:52.619949Z,price_change,0.1000,SELL,-690,0.06,0.0700
2026-01-08T02:15:52.689422Z,price_change,0.1000,SELL,-282,0.06,0.0700
2026-01-08T02:15:52.76507Z,price_change,0.1500,SELL,282,0.06,0.0700
2026-01-08T02:15:54.586364Z,price_change,0.1100,SELL,2000,0.06,0.0700
2026-01-08T02:15:54.647256Z,price_change,0.1500,SELL,-282,0.06,0.0700
2026-01-08T02:15:54.717282Z,price_change,0.1000,SELL,282,0.06,0.0700
2026-01-08T02:15:55.512917Z,price_change,0.06,BUY,-15,0.06,0.0700
2026-01-08T02:15:55.670947Z,price_change,0.1100,SELL,-2000,0.06,0.0700
2026-01-08T02:15:55.731173Z,price_change,0.1000,SELL,-282,0.06,0.0700
2026-01-08T02:15:55.764491Z,price_change,0.1500,SELL,282,0.06,0.0700
2026-01-08T02:15:55.863483Z,price_change,0.06,BUY,-50,0.06,0.0700
1767838555,last_trade_price,0.94,SELL,50,0.06,0.0700
2026-01-08T02:15:56.592158Z,price_change,0.1100,SELL,2000,0.06,0.0700
2026-01-08T02:15:56.612547Z,price_change,0.04,BUY,200,0.06,0.0700
2026-01-08T02:15:56.614073Z,price_change,0.0800,SELL,200,0.06,0.0700
2026-01-08T02:15:56.656056Z,price_change,0.1500,SELL,-282,0.06,0.0700
2026-01-08T02:15:56.693164Z,price_change,0.1000,SELL,282,0.06,0.0700
2026-01-08T02:15:56.958572Z,price_change,0.04,BUY,125,0.06,0.0700
2026-01-08T02:15:56.958583Z,price_change,0.0900,SELL,300,0.06,0.0700
2026-01-08T02:15:57.782139Z,price_change,0.0800,SELL,150,0.06,0.0700
2026-01-08T02:15:57.784208Z,price_change,0.04,BUY,150,0.06,0.0700
2026-01-08T02:15:58.063338Z,price_change,0.01,BUY,690,0.06,0.0700
2026-01-08T02:15:58.064263Z,price_change,0.0900,SELL,690,0.06,0.0700
2026-01-08T02:15:58.588931Z,price_change,0.04,BUY,-150,0.06,0.0700
2026-01-08T02:15:58.590551Z,price_change,0.0800,SELL,-150,0.06,0.0700
2026-01-08T02:15:59.301046Z,price_change,0.02,BUY,-282,0.06,0.0700
2026-01-08T02:15:59.301367Z,price_change,0.1000,SELL,-282,0.06,0.0700
2026-01-08T02:15:59.301928Z,price_change,0.05,BUY,-188,0.06,0.0700
2026-01-08T02:15:59.302698Z,price_change,0.01,BUY,-5658,0.06,0.0700
2026-01-08T02:15:59.302825Z,price_change,0.4000,SELL,-754,0.06,0.0700
2026-01-08T02:15:59.304386Z,price_change,0.5200,SELL,-4711,0.06,0.0700
2026-01-08T02:15:59.328478Z,price_change,0.0800,SELL,-188,0.06,0.0700
2026-01-08T02:15:59.32994Z,price_change,0.05,BUY,-2451,0.06,0.0700
2026-01-08T02:15:59.36021Z,price_change,0.0700,SELL,188,0.06,0.0700
2026-01-08T02:15:59.361384Z,price_change,0.04,BUY,188,0.06,0.0700
2026-01-08T02:15:59.36181Z,price_change,0.3900,SELL,754,0.06,0.0700
2026-01-08T02:15:59.362563Z,price_change,0.0900,SELL,282,0.06,0.0700
2026-01-08T02:15:59.36261Z,price_change,0.01,BUY,282,0.06,0.0700
2026-01-08T02:15:59.381831Z,price_change,0.5000,SELL,4712,0.06,0.0700
2026-01-08T02:15:59.386923Z,price_change,0.03,BUY,2450,0.06,0.0700
2026-01-08T02:16:00.226894Z,price_change,0.03,BUY,-2450,0.06,0.0700
2026-01-08T02:16:00.269056Z,price_change,0.01,BUY,-282,0.06,0.0700
2026-01-08T02:16:00.272864Z,price_change,0.05,BUY,2450,0.06,0.0700
2026-01-08T02:16:00.303742Z,price_change,0.04,BUY,-200,0.06,0.0700
2026-01-08T02:16:00.313952Z,price_change,0.02,BUY,282,0.06,0.0700
2026-01-08T02:16:00.317093Z,price_change,0.0800,SELL,-200,0.06,0.0700
2026-01-08T02:16:00.346101Z,price_change,0.5000,SELL,-4712,0.06,0.0700
2026-01-08T02:16:00.35563Z,price_change,0.02,BUY,200,0.06,0.0700
2026-01-08T02:16:00.400274Z,price_change,0.5200,SELL,4712,0.06,0.0700
2026-01-08T02:16:00.409217Z,price_change,0.0700,SELL,200,0.06,0.0700
2026-01-08T02:16:00.568155Z,price_change,0.04,BUY,-125,0.06,0.0700
2026-01-08T02:16:00.569625Z,price_change,0.0900,SELL,-300,0.06,0.0700
2026-01-08T02:16:00.622926Z,price_change,0.0800,SELL,300,0.06,0.0700
2026-01-08T02:16:00.622998Z,price_change,0.02,BUY,125,0.06,0.0700
2026-01-08T02:16:01.159993Z,price_change,0.04,BUY,-188,0.06,0.0700
2026-01-08T02:16:01.161598Z,price_change,0.0900,SELL,-282,0.06,0.0700
2026-01-08T02:16:01.195797Z,price_change,0.05,BUY,188,0.06,0.0700
2026-01-08T02:16:01.221702Z,price_change,0.1000,SELL,282,0.06,0.0700
2026-01-08T02:16:03.362483Z,price_change,0.6200,SELL,-105,0.06,0.0700
2026-01-08T02:16:03.390599Z,price_change,0.6400,SELL,111,0.06,0.0700
2026-01-08T02:16:03.453403Z,price_change,0.0700,SELL,-67,0.06,0.0700
1767838563,last_trade_price,0.07,BUY,67,0.06,0.0700
2026-01-08T02:16:03.509966Z,price_change,0.05,BUY,691,0.06,0.0700
2026-01-08T02:16:03.511513Z,price_change,0.3800,SELL,691,0.06,0.0700
2026-01-08T02:16:05.02116Z,price_change,0.06,BUY,450,0.06,0.0700
2026-01-08T02:16:05.319656Z,price_change,0.06,BUY,-2429,0.06,0.0700
2026-01-08T02:16:05.342Z,price_change,0.0800,SELL,-7500,0.06,0.0700
2026-01-08T02:16:05.467417Z,price_change,0.0700,SELL,-55,0.06,0.0700
1767838565,last_trade_price,0.07,BUY,55,0.06,0.0700
2026-01-08T02:16:05.842926Z,price_change,0.06,BUY,-1034,0.06,0.0700
2026-01-08T02:16:05.844011Z,price_change,0.0900,SELL,-465,0.06,0.0700
2026-01-08T02:16:05.860014Z,price_change,0.04,BUY,534,0.06,0.0700
2026-01-08T02:16:05.862551Z,price_change,0.0700,SELL,965,0.06,0.0700
2026-01-08T02:16:06.000098Z,price_change,0.3800,SELL,-691,0.06,0.0700
2026-01-08T02:16:06.000098Z,price_change,0.05,BUY,-691,0.06,0.0700
2026-01-08T02:16:06.051731Z,price_change,0.0800,SELL,-2451,0.06,0.0700
2026-01-08T02:16:06.052133Z,price_change,0.0700,SELL,-2449,0.06,0.0700
2026-01-08T02:16:06.077814Z,price_change,0.0900,SELL,-2451,0.06,0.0700
2026-01-08T02:16:06.100441Z,price_change,0.06,BUY,-450,0.05,0.0700
2026-01-08T02:16:06.100441Z,price_change,0.0600,SELL,2000,0.05,0.0600
1767838566,last_trade_price,0.94,SELL,450,0.05,0.0600
2026-01-08T02:16:06.112779Z,price_change,0.04,BUY,-534,0.05,0.0600
2026-01-08T02:16:06.115248Z,price_change,0.0700,SELL,-965,0.05,0.0600
2026-01-08T02:16:06.11883Z,price_change,0.02,BUY,-333,0.05,0.0600
2026-01-08T02:16:06.120788Z,price_change,0.03,BUY,534,0.05,0.0600
2026-01-08T02:16:06.123282Z,price_change,0.0600,SELL,965,0.05,0.0600
2026-01-08T02:16:06.144507Z,price_change,0.1600,SELL,-750,0.05,0.0600
2026-01-08T02:16:06.144507Z,price_change,0.1500,SELL,750,0.05,0.0600
2026-01-08T02:16:06.163872Z,price_change,0.1900,SELL,-970,0.05,0.0600
2026-01-08T02:16:06.163872Z,price_change,0.1800,SELL,970,0.05,0.0600
2026-01-08T02:16:06.286835Z,price_change,0.0700,SELL,1,0.05,0.0600
2026-01-08T02:16:06.32338Z,price_change,0.05,BUY,-188,0.05,0.0600
2026-01-08T02:16:06.326896Z,price_change,0.0600,SELL,2450,0.05,0.0600
2026-01-08T02:16:06.327754Z,price_change,0.1000,SELL,-282,0.05,0.0600
2026-01-08T02:16:06.364016Z,price_change,0.0900,SELL,282,0.05,0.0600
2026-01-08T02:16:06.364882Z,price_change,0.04,BUY,188,0.05,0.0600
2026-01-08T02:16:06.399792Z,price_change,0.0600,SELL,29549,0.05,0.0600
2026-01-08T02:16:06.417142Z,price_change,0.0600,SELL,2450,0.05,0.0600
2026-01-08T02:16:06.441679Z,price_change,0.5200,SELL,-4712,0.05,0.0600
2026-01-08T02:16:06.470073Z,price_change,0.0700,SELL,-1,0.05,0.0600
2026-01-08T02:16:06.472753Z,price_change,0.0600,SELL,-14774,0.05,0.0600
2026-01-08T02:16:06.481729Z,price_change,0.0700,SELL,-188,0.05,0.0600
2026-01-08T02:16:06.482931Z,price_change,0.02,BUY,-282,0.05,0.0600
2026-01-08T02:16:06.491973Z,price_change,0.5000,SELL,4712,0.05,0.0600
2026-01-08T02:16:06.524573Z,price_change,0.0600,SELL,188,0.05,0.0600
2026-01-08T02:16:06.528378Z,price_change,0.01,BUY,282,0.05,0.0600
2026-01-08T02:16:06.572122Z,price_change,0.0700,SELL,432,0.05,0.0600
2026-01-08T02:16:06.588157Z,price_change,0.05,BUY,-2450,0.04,0.0600
2026-01-08T02:16:06.588157Z,price_change,0.0500,SELL,26789,0.04,0.0500
1767838566,last_trade_price,0.95,SELL,2450,0.04,0.0500
2026-01-08T02:16:06.600994Z,price_change,0.03,BUY,-534,0.04,0.0500
2026-01-08T02:16:06.604304Z,price_change,0.0600,SELL,-965,0.04,0.0500
2026-01-08T02:16:06.611536Z,price_change,0.02,BUY,534,0.04,0.0500
2026-01-08T02:16:06.614216Z,price_change,0.0500,SELL,965,0.04,0.0500
2026-01-08T02:16:06.614343Z,price_change,0.1100,SELL,-2000,0.04,0.0500
2026-01-08T02:16:06.61642Z,price_change,0.01,BUY,-690,0.04,0.0500
2026-01-08T02:16:06.617823Z,price_change,0.0900,SELL,-690,0.04,0.0500
2026-01-08T02:16:06.642041Z,price_change,0.0600,SELL,1,0.04,0.0500
2026-01-08T02:16:06.643895Z,price_change,0.0500,SELL,-100,0.04,0.0500
1767838566,last_trade_price,0.05,BUY,100,0.04,0.0500
2026-01-08T02:16:06.652289Z,price_change,0.0500,SELL,-12070,0.04,0.0500
2026-01-08T02:16:06.660818Z,price_change,0.0900,SELL,-282,0.04,0.0500
2026-01-08T02:16:06.665649Z,price_change,0.1500,SELL,-750,0.04,0.0500
2026-01-08T02:16:06.665649Z,price_change,0.1400,SELL,750,0.04,0.0500
2026-01-08T02:16:06.696122Z,price_change,0.0600,SELL,-1,0.04,0.0500
2026-01-08T02:16:06.696614Z,price_change,0.1400,SELL,282,0.04,0.0500
2026-01-08T02:16:06.716426Z,price_change,0.03,BUY,2450,0.04,0.0500
2026-01-08T02:16:06.744474Z,price_change,0.1400,SELL,-282,0.04,0.0500
2026-01-08T02:16:06.747812Z,price_change,0.03,BUY,432,0.04,0.0500
2026-01-08T02:16:06.779231Z,price_change,0.1300,SELL,282,0.04,0.0500
2026-01-08T02:16:06.816651Z,price_change,0.1000,SELL,69000,0.04,0.0500
2026-01-08T02:16:06.85791Z,price_change,0.1300,SELL,-282,0.04,0.0500
2026-01-08T02:16:06.861138Z,price_change,0.0700,SELL,-1,0.04,0.0500
2026-01-08T02:16:06.861138Z,price_change,0.0600,SELL,1,0.04,0.0500
2026-01-08T02:16:06.898535Z,price_change,0.0900,SELL,282,0.04,0.0500
2026-01-08T02:16:06.905328Z,price_change,0.0800,SELL,-514,0.04,0.0500
2026-01-08T02:16:06.908404Z,price_change,0.04,BUY,-514,0.04,0.0500
2026-01-08T02:16:07.009825Z,price_change,0.1800,SELL,-970,0.04,0.0500
2026-01-08T02:16:07.009825Z,price_change,0.1700,SELL,970,0.04,0.0500
2026-01-08T02:16:07.055397Z,price_change,0.0500,SELL,7500,0.04,0.0500
2026-01-08T02:16:07.15272Z,price_change,0.0700,SELL,-2449,0.04,0.0500
2026-01-08T02:16:07.153552Z,price_change,0.01,BUY,-282,0.04,0.0500
2026-01-08T02:16:07.155231Z,price_change,0.03,BUY,-188,0.04,0.0500
2026-01-08T02:16:07.155872Z,price_change,0.0900,SELL,-282,0.04,0.0500
2026-01-08T02:16:07.156294Z,price_change,0.5000,SELL,-4712,0.04,0.0500
2026-01-08T02:16:07.156714Z,price_change,0.0800,SELL,-2451,0.04,0.0500
2026-01-08T02:16:07.157319Z,price_change,0.04,BUY,-2449,0.04,0.0500
2026-01-08T02:16:07.15737Z,price_change,0.0700,SELL,-188,0.04,0.0500
2026-01-08T02:16:07.157412Z,price_change,0.03,BUY,-2450,0.04,0.0500
2026-01-08T02:16:07.157825Z,price_change,0.0700,SELL,-2449,0.04,0.0500
2026-01-08T02:16:07.158234Z,price_change,0.3900,SELL,-754,0.04,0.0500
2026-01-08T02:16:07.158492Z,price_change,0.0600,SELL,-2000,0.04,0.0500
2026-01-08T02:16:07.177101Z,price_change,0.0600,SELL,-2450,0.04,0.0500
2026-01-08T02:16:07.180116Z,price_change,0.0600,SELL,-2450,0.04,0.0500
2026-01-08T02:16:07.181647Z,price_change,0.0600,SELL,-188,0.04,0.0500
2026-01-08T02:16:07.195689Z,price_change,0.04,BUY,-188,0.04,0.0500
2026-01-08T02:16:07.234928Z,price_change,0.0500,SELL,1,0.04,0.0500
2026-01-08T02:16:07.512582Z,price_change,0.3900,SELL,2450,0.04,0.0500
2026-01-08T02:16:07.51261Z,price_change,0.3800,SELL,2450,0.04,0.0500
2026-01-08T02:16:07.514553Z,price_change,0.5500,SELL,188,0.04,0.0500
2026-01-08T02:16:07.514654Z,price_change,0.3800,SELL,2450,0.04,0.0500
2026-01-08T02:16:07.514896Z,price_change,0.3800,SELL,2450,0.04,0.0500
2026-01-08T02:16:07.515489Z,price_change,0.3900,SELL,2450,0.04,0.0500
2026-01-08T02:16:07.548683Z,price_change,0.4000,SELL,2450,0.04,0.0500
2026-01-08T02:16:07.953395Z,price_change,0.02,BUY,-5000,0.04,0.0500
2026-01-08T02:16:08.281894Z,price_change,0.0700,SELL,-5000,0.04,0.0500
2026-01-08T02:16:08.281894Z,price_change,0.0500,SELL,5000,0.04,0.0500
2026-01-08T02:16:08.433665Z,price_change,0.02,BUY,-200,0.04,0.0500
2026-01-08T02:16:08.434995Z,price_change,0.0700,SELL,-200,0.04,0.0500
2026-01-08T02:16:08.471931Z,price_change,0.0700,SELL,-432,0.04,0.0500
2026-01-08T02:16:08.533193Z,price_change,0.0800,SELL,-300,0.04,0.0500
2026-01-08T02:16:08.534631Z,price_change,0.02,BUY,-125,0.04,0.0500
2026-01-08T02:16:08.560767Z,price_change,0.5500,SELL,-188,0.04,0.0500
2026-01-08T02:16:08.599609Z,price_change,0.5300,SELL,188,0.04,0.0500
2026-01-08T02:16:08.629845Z,price_change,0.01,BUY,188,0.04,0.0500
2026-01-08T02:16:08.629913Z,price_change,0.3800,SELL,-2450,0.04,0.0500
2026-01-08T02:16:08.630404Z,price_change,0.3800,SELL,-2450,0.04,0.0500
2026-01-08T02:16:08.630428Z,price_change,0.01,BUY,2448,0.04,0.0500
2026-01-08T02:16:08.630701Z,price_change,0.3800,SELL,-2450,0.04,0.0500
2026-01-08T02:16:08.63106Z,price_change,0.4900,SELL,4709,0.04,0.0500
2026-01-08T02:16:08.631115Z,price_change,0.01,BUY,188,0.04,0.0500
2026-01-08T02:16:08.632674Z,price_change,0.3900,SELL,-2450,0.04,0.0500
2026-01-08T02:16:08.632713Z,price_change,0.02,BUY,2448,0.04,0.0500
2026-01-08T02:16:08.632932Z,price_change,0.0600,SELL,282,0.04,0.0500
2026-01-08T02:16:08.633103Z,price_change,0.04,BUY,-188,0.04,0.0500
1767838568,last_trade_price,0.96,SELL,188,0.04,0.0500
2026-01-08T02:16:08.63683Z,price_change,0.5300,SELL,-188,0.04,0.0500
2026-01-08T02:16:08.651079Z,price_change,0.3900,SELL,753,0.04,0.0500
2026-01-08T02:16:08.652994Z,price_change,0.4000,SELL,-2450,0.04,0.0500
2026-01-08T02:16:08.659654Z,price_change,0.3900,SELL,-2450,0.04,0.0500
2026-01-08T02:16:08.691605Z,price_change,0.04,BUY,-12,0.03,0.0500
2026-01-08T02:16:08.691605Z,price_change,0.0400,SELL,176,0.03,0.0400
1767838568,last_trade_price,0.96,SELL,12,0.03,0.0400
2026-01-08T02:16:08.696102Z,price_change,0.0600,SELL,2448,0.03,0.0400
2026-01-08T02:16:08.698214Z,price_change,0.0500,SELL,2448,0.03,0.0400
2026-01-08T02:16:08.698301Z,price_change,0.0500,SELL,2448,0.03,0.0400
2026-01-08T02:16:08.701223Z,price_change,0.0400,SELL,2448,0.03,0.0400
2026-01-08T02:16:08.701234Z,price_change,0.0400,SELL,2448,0.03,0.0400
2026-01-08T02:16:08.702356Z,price_change,0.02,BUY,-534,0.03,0.0400
2026-01-08T02:16:08.704959Z,price_change,0.0500,SELL,-965,0.03,0.0400
2026-01-08T02:16:08.71548Z,price_change,0.01,BUY,534,0.03,0.0400
2026-01-08T02:16:08.717784Z,price_change,0.5300,SELL,-135,0.03,0.0400
2026-01-08T02:16:08.718242Z,price_change,0.0400,SELL,965,0.03,0.0400
2026-01-08T02:16:08.719004Z,price_change,0.0400,SELL,2448,0.03,0.0400
2026-01-08T02:16:08.721072Z,price_change,0.0400,SELL,130,0.03,0.0400
2026-01-08T02:16:08.748332Z,price_change,0.1400,SELL,-750,0.03,0.0400
2026-01-08T02:16:08.748332Z,price_change,0.1300,SELL,750,0.03,0.0400
2026-01-08T02:16:08.75583Z,price_change,0.1700,SELL,-970,0.03,0.0400
2026-01-08T02:16:08.75583Z,price_change,0.1600,SELL,970,0.03,0.0400
2026-01-08T02:16:08.773437Z,price_change,0.0500,SELL,-2448,0.03,0.0400
2026-01-08T02:16:08.774543Z,price_change,0.0400,SELL,-2448,0.03,0.0400
2026-01-08T02:16:08.775703Z,price_change,0.0600,SELL,-2448,0.03,0.0400
2026-01-08T02:16:08.816844Z,price_change,0.03,BUY,-500,0.03,0.0400
2026-01-08T02:16:08.816844Z,price_change,0.03,BUY,-78,0.03,0.0400
2026-01-08T02:16:08.816844Z,price_change,0.03,BUY,-432,0.02,0.0400
2026-01-08T02:16:08.816844Z,price_change,0.0300,SELL,1438,0.02,0.0300
1767838568,last_trade_price,0.97,SELL,500,0.02,0.0300
1767838568,last_trade_price,0.97,SELL,78,0.02,0.0300
1767838568,last_trade_price,0.97,SELL,432,0.02,0.0300
2026-01-08T02:16:08.817427Z,price_change,0.0300,SELL,2448,0.02,0.0300
2026-01-08T02:16:08.818937Z,price_change,0.0300,SELL,-50,0.02,0.0300
1767838568,last_trade_price,0.03,BUY,50,0.02,0.0300
2026-01-08T02:16:08.829901Z,price_change,0.01,BUY,-534,0.02,0.0300
2026-01-08T02:16:08.830642Z,price_change,0.0600,SELL,-1,0.02,0.0300
2026-01-08T02:16:08.830642Z,price_change,0.0500,SELL,1,0.02,0.0300
2026-01-08T02:16:08.832912Z,price_change,0.0400,SELL,-965,0.02,0.0300
2026-01-08T02:16:08.843111Z,price_change,0.0300,SELL,2448,0.02,0.0300
2026-01-08T02:16:08.843397Z,price_change,0.0300,SELL,965,0.02,0.0300
2026-01-08T02:16:08.859884Z,price_change,0.1600,SELL,-970,0.02,0.0300
2026-01-08T02:16:08.859884Z,price_change,0.1500,SELL,970,0.02,0.0300
2026-01-08T02:16:08.864902Z,price_change,0.1300,SELL,-750,0.02,0.0300
2026-01-08T02:16:08.864902Z,price_change,0.1200,SELL,750,0.02,0.0300
2026-01-08T02:16:08.889654Z,price_change,0.0500,SELL,-1,0.02,0.0300
2026-01-08T02:16:08.950658Z,price_change,0.0300,SELL,-1388,0.02,0.0300
2026-01-08T02:16:08.96576Z,price_change,0.0400,SELL,1,0.02,0.0300
2026-01-08T02:16:09.002161Z,price_change,0.1000,SELL,-69000,0.02,0.0300
2026-01-08T02:16:09.005751Z,price_change,0.01,BUY,-188,0.02,0.0300
2026-01-08T02:16:09.031693Z,price_change,0.0600,SELL,-282,0.02,0.0300
2026-01-08T02:16:09.065029Z,price_change,0.0700,SELL,282,0.02,0.0300
2026-01-08T02:16:09.06719Z,price_change,0.02,BUY,188,0.02,0.0300
2026-01-08T02:16:09.109942Z,price_change,0.0300,SELL,-2448,0.02,0.0300
