timestamp,event_type,price,side,size,best_bid,best_ask
,book,,BUY,,,
2025-12-08T03:04:39.832657Z,price_change,0.7900,BUY,-417,,
2025-12-08T03:04:47.040485Z,price_change,0.7900,BUY,417,,
2025-12-08T03:09:29.321742Z,price_change,0.7900,BUY,-417,,
2025-12-08T03:09:29.527028Z,price_change,0.7900,BUY,412,,
,book,,BUY,,,
2025-12-08T03:38:52.218043Z,price_change,0.7900,BUY,-412,,
2025-12-08T03:38:52.220395Z,price_change,0.7900,BUY,406,,
2025-12-08T03:41:27.339068Z,price_change,0.4500,BUY,-622,,
2025-12-08T03:41:27.627701Z,price_change,0.4500,BUY,621,,
,book,0.8000,BUY,1513,0.1600,0.8000
2025-12-08T03:51:26.819312Z,price_change,0.7900,BUY,-406,,
2025-12-08T03:51:28.762559Z,price_change,0.7900,BUY,406,,
2025-12-08T03:54:31.764801Z,price_change,0.8100,BUY,1000,,
2025-12-08T04:00:45.521078Z,price_change,0.8200,BUY,8,,
2025-12-08T04:01:18.066239Z,price_change,0.8200,BUY,-8,,
2025-12-08T04:01:18.490977Z,price_change,0.8200,BUY,8,,
2025-12-08T04:01:48.661394Z,price_change,0.8200,BUY,-8,,
2025-12-08T04:01:49.001329Z,price_change,0.8200,BUY,8,,
2025-12-08T04:02:19.231997Z,price_change,0.8200,BUY,-8,,
2025-12-08T04:02:50.505026Z,price_change,0.8200,BUY,8,,
2025-12-08T04:03:20.980691Z,price_change,0.8200,BUY,-8,,
2025-12-08T04:03:21.314009Z,price_change,0.8200,BUY,8,,
2025-12-08T04:03:40.185537Z,price_change,0.7900,BUY,-406,,
2025-12-08T04:03:41.430862Z,price_change,0.7900,BUY,406,,
2025-12-08T04:03:51.455342Z,price_change,0.8200,BUY,-8,,
2025-12-08T04:03:51.842096Z,price_change,0.8200,BUY,8,,
2025-12-08T04:04:22.190939Z,price_change,0.8200,BUY,-8,,
2025-12-08T04:04:53.461679Z,price_change,0.8200,BUY,8,,
2025-12-08T04:04:53.938252Z,price_change,0.8100,BUY,8,,
2025-12-08T04:05:26.046976Z,price_change,0.8200,BUY,-8,,
2025-12-08T04:05:26.839074Z,price_change,0.8100,BUY,26,,
2025-12-08T04:05:33.603303Z,price_change,0.8100,BUY,-34,,
2025-12-08T04:05:56.749161Z,price_change,0.8200,BUY,8,,
2025-12-08T04:05:57.203999Z,price_change,0.8100,BUY,8,,
2025-12-08T04:06:26.093054Z,price_change,0.8200,BUY,-8,,
2025-12-08T04:06:28.072052Z,price_change,0.8100,BUY,-8,,
2025-12-08T04:06:55.842708Z,price_change,0.8200,BUY,8,,
2025-12-08T04:07:04.276509Z,price_change,0.8100,BUY,8,,
2025-12-08T04:07:18.099328Z,price_change,0.8100,BUY,-8,,
2025-12-08T04:07:24.566894Z,price_change,0.8200,BUY,-8,,
2025-12-08T04:07:25.005363Z,price_change,0.8200,BUY,8,,
2025-12-08T04:07:54.050243Z,price_change,0.8200,BUY,-8,,
2025-12-08T04:07:54.390154Z,price_change,0.8200,BUY,8,,
2025-12-08T04:08:20.27036Z,price_change,0.8000,BUY,-500,,
2025-12-08T04:08:20.325425Z,price_change,0.7900,BUY,500,,
2025-12-08T04:08:23.29107Z,price_change,0.8200,BUY,-8,,
2025-12-08T04:08:53.210409Z,price_change,0.8200,BUY,8,,
2025-12-08T04:09:07.170389Z,price_change,0.7900,BUY,406,,
2025-12-08T04:09:22.876974Z,price_change,0.8200,BUY,-8,,
2025-12-08T04:09:52.326568Z,price_change,0.8200,BUY,8,,
2025-12-08T04:10:25.073065Z,price_change,0.8200,BUY,-8,,
2025-12-08T04:10:54.827606Z,price_change,0.8200,BUY,8,,
2025-12-08T04:11:13.153712Z,price_change,0.6500,BUY,-78,,
2025-12-08T04:11:13.155365Z,price_change,0.6500,BUY,-65,,
2025-12-08T04:11:13.157076Z,price_change,0.6500,BUY,-215,,
2025-12-08T04:11:13.158657Z,price_change,0.6500,BUY,-113,,
2025-12-08T04:11:13.370452Z,price_change,0.6600,BUY,-77,,
2025-12-08T04:11:13.372754Z,price_change,0.6600,BUY,-65,,
2025-12-08T04:11:13.375515Z,price_change,0.6600,BUY,-213,,
2025-12-08T04:11:13.377642Z,price_change,0.6600,BUY,-111,,
2025-12-08T04:11:13.487063Z,price_change,0.6700,BUY,30,,
2025-12-08T04:11:13.488201Z,price_change,0.6800,BUY,100,,
2025-12-08T04:11:13.489265Z,price_change,0.6900,BUY,121,,
2025-12-08T04:11:13.490608Z,price_change,0.7000,BUY,56,,
2025-12-08T04:11:13.491841Z,price_change,0.7100,BUY,32,,
2025-12-08T04:11:13.49306Z,price_change,0.7200,BUY,197,,
2025-12-08T04:11:13.494467Z,price_change,0.7300,BUY,273,,
2025-12-08T04:11:13.495639Z,price_change,0.7400,BUY,100,,
2025-12-08T04:11:23.604673Z,price_change,0.8200,BUY,-8,,
2025-12-08T04:11:23.931395Z,price_change,0.8200,BUY,8,,
2025-12-08T04:11:52.653878Z,price_change,0.8200,BUY,-8,,
2025-12-08T04:11:52.982155Z,price_change,0.8200,BUY,8,,
2025-12-08T04:12:22.279029Z,price_change,0.8200,BUY,-8,,
2025-12-08T04:12:39.001414Z,price_change,0.3300,BUY,-6,,
2025-12-08T04:12:51.542773Z,price_change,0.8200,BUY,8,,
2025-12-08T04:12:52.502743Z,price_change,0.8100,BUY,8,,
2025-12-08T04:13:20.147033Z,price_change,0.8200,BUY,-8,,
2025-12-08T04:13:23.749014Z,price_change,0.8100,BUY,41,,
2025-12-08T04:13:28.25106Z,price_change,0.8100,BUY,-49,,
2025-12-08T04:13:40.49937Z,price_change,0.6700,BUY,-5,,
2025-12-08T04:13:40.975799Z,price_change,0.6800,BUY,-29,,
2025-12-08T04:13:41.458145Z,price_change,0.6900,BUY,-75,,
2025-12-08T04:13:41.926262Z,price_change,0.7000,BUY,-49,,
2025-12-08T04:13:42.345846Z,price_change,0.7100,BUY,-10,,
2025-12-08T04:13:42.810543Z,price_change,0.7200,BUY,-25,,
2025-12-08T04:13:43.296341Z,price_change,0.7300,BUY,-173,,
2025-12-08T04:13:43.735517Z,price_change,0.7400,BUY,-100,,
2025-12-08T04:13:43.878855Z,price_change,0.6600,BUY,466,,
2025-12-08T04:13:49.409485Z,price_change,0.8200,BUY,8,,
2025-12-08T04:13:50.274389Z,price_change,0.8100,BUY,8,,
2025-12-08T04:13:57.112765Z,price_change,0.7900,BUY,-406,,
2025-12-08T04:13:58.016864Z,price_change,0.7900,BUY,406,,
2025-12-08T04:14:18.187343Z,price_change,0.8200,BUY,-8,,
2025-12-08T04:14:27.143163Z,price_change,0.8100,BUY,-8,,
2025-12-08T04:14:46.854881Z,price_change,0.8200,BUY,8,,
2025-12-08T04:14:47.628052Z,price_change,0.8100,BUY,8,,
2025-12-08T04:15:15.195299Z,price_change,0.8200,BUY,-8,,
2025-12-08T04:15:15.513395Z,price_change,0.8100,BUY,-8,,
2025-12-08T04:15:44.270286Z,price_change,0.8200,BUY,8,,
2025-12-08T04:15:51.218311Z,price_change,0.8100,BUY,8,,
2025-12-08T04:16:12.532993Z,price_change,0.8200,BUY,-8,,
2025-12-08T04:16:12.966799Z,price_change,0.8200,BUY,8,,
2025-12-08T04:16:12.992875Z,price_change,0.8100,BUY,-8,,
2025-12-08T04:16:13.633625Z,price_change,0.8100,BUY,8,,
2025-12-08T04:16:41.123762Z,price_change,0.8200,BUY,-8,,
2025-12-08T04:16:41.40512Z,price_change,0.8100,BUY,-8,,
2025-12-08T04:17:09.93318Z,price_change,0.8200,BUY,8,,
2025-12-08T04:17:10.844843Z,price_change,0.8100,BUY,8,,
2025-12-08T04:17:38.355211Z,price_change,0.8200,BUY,-8,,
2025-12-08T04:17:38.64924Z,price_change,0.8100,BUY,47,,
2025-12-08T04:17:54.922423Z,price_change,0.8100,BUY,-55,,
2025-12-08T04:18:07.206452Z,price_change,0.8200,BUY,8,,
2025-12-08T04:18:35.081022Z,price_change,0.8200,BUY,-8,,
2025-12-08T04:19:03.764019Z,price_change,0.8200,BUY,8,,
2025-12-08T04:19:31.625667Z,price_change,0.8200,BUY,-8,,
2025-12-08T04:19:31.977208Z,price_change,0.8200,BUY,8,,
2025-12-08T04:19:51.764174Z,price_change,0.7700,BUY,500,,
2025-12-08T04:19:59.962199Z,price_change,0.8200,BUY,-8,,
2025-12-08T04:20:00.413291Z,price_change,0.8200,BUY,8,,
2025-12-08T04:20:28.474724Z,price_change,0.8200,BUY,-8,,
2025-12-08T04:20:57.172177Z,price_change,0.8200,BUY,8,,
2025-12-08T04:21:24.719308Z,price_change,0.8200,BUY,-8,,
2025-12-08T04:21:25.153669Z,price_change,0.8200,BUY,8,,
2025-12-08T04:21:41.055507Z,price_change,0.7900,BUY,-406,,
2025-12-08T04:21:41.055507Z,price_change,0.7900,BUY,-406,,
2025-12-08T04:21:52.611021Z,price_change,0.8200,BUY,-8,,
2025-12-08T04:21:59.648063Z,price_change,0.7900,BUY,406,,
2025-12-08T04:22:20.632101Z,price_change,0.8200,BUY,8,,
2025-12-08T04:22:47.748924Z,price_change,0.8200,BUY,-8,,
2025-12-08T04:22:48.17789Z,price_change,0.8200,BUY,8,,
2025-12-08T04:23:15.406868Z,price_change,0.8200,BUY,-8,,
2025-12-08T04:23:43.118176Z,price_change,0.8200,BUY,8,,
2025-12-08T04:23:48.383292Z,price_change,0.6600,BUY,-466,,
2025-12-08T04:23:48.461778Z,price_change,0.6800,BUY,29,,
2025-12-08T04:23:48.46326Z,price_change,0.6900,BUY,75,,
2025-12-08T04:23:48.464853Z,price_change,0.7000,BUY,49,,
2025-12-08T04:23:48.466515Z,price_change,0.7200,BUY,25,,
2025-12-08T04:23:48.467901Z,price_change,0.7300,BUY,173,,
2025-12-08T04:23:48.469264Z,price_change,0.7400,BUY,100,,
2025-12-08T04:24:10.488537Z,price_change,0.8200,BUY,-8,,
2025-12-08T04:24:10.934116Z,price_change,0.8200,BUY,8,,
2025-12-08T04:24:37.836231Z,price_change,0.8200,BUY,-8,,
2025-12-08T04:24:38.177147Z,price_change,0.8200,BUY,8,,
2025-12-08T04:26:38.002974Z,price_change,0.8200,BUY,-8,,
2025-12-08T04:27:01.502554Z,price_change,0.8200,BUY,8,,
2025-12-08T04:27:03.370976Z,price_change,0.8100,BUY,8,,
2025-12-08T04:27:30.651643Z,price_change,0.8200,BUY,-8,,
2025-12-08T04:27:30.98648Z,price_change,0.8200,BUY,8,,
2025-12-08T04:27:59.848149Z,price_change,0.8200,BUY,-8,,
2025-12-08T04:28:00.28988Z,price_change,0.8200,BUY,8,,
2025-12-08T04:28:00.295815Z,price_change,0.8100,BUY,-8,,
2025-12-08T04:28:00.847159Z,price_change,0.8100,BUY,8,,
2025-12-08T04:28:28.352837Z,price_change,0.8200,BUY,-8,,
2025-12-08T04:28:28.772404Z,price_change,0.8100,BUY,-8,,
2025-12-08T04:28:57.175574Z,price_change,0.8200,BUY,8,,
2025-12-08T04:28:57.726041Z,price_change,0.8100,BUY,8,,
2025-12-08T04:29:25.494025Z,price_change,0.8200,BUY,-8,,
2025-12-08T04:29:26.083634Z,price_change,0.8100,BUY,-8,,
2025-12-08T04:29:54.386542Z,price_change,0.8200,BUY,8,,
2025-12-08T04:29:55.201451Z,price_change,0.8100,BUY,8,,
2025-12-08T04:30:23.129634Z,price_change,0.8200,BUY,-8,,
2025-12-08T04:30:23.335555Z,price_change,0.8100,BUY,-8,,
2025-12-08T04:30:26.102885Z,price_change,0.7900,BUY,-406,,
2025-12-08T04:30:27.736391Z,price_change,0.7900,BUY,406,,
2025-12-08T04:30:52.078534Z,price_change,0.8200,BUY,8,,
2025-12-08T04:30:52.929175Z,price_change,0.8100,BUY,8,,
2025-12-08T04:31:20.5249Z,price_change,0.8200,BUY,-8,,
2025-12-08T04:31:21.180766Z,price_change,0.8100,BUY,-8,,
2025-12-08T04:31:49.193275Z,price_change,0.8200,BUY,8,,
2025-12-08T04:31:49.738558Z,price_change,0.8100,BUY,8,,
2025-12-08T04:32:17.411842Z,price_change,0.8200,BUY,-8,,
2025-12-08T04:32:17.686682Z,price_change,0.8100,BUY,-8,,
2025-12-08T04:32:46.048602Z,price_change,0.8200,BUY,8,,
2025-12-08T04:32:46.828348Z,price_change,0.8100,BUY,8,,
2025-12-08T04:33:14.145356Z,price_change,0.8200,BUY,-8,,
2025-12-08T04:33:14.570292Z,price_change,0.8200,BUY,8,,
2025-12-08T04:33:25.655462Z,price_change,0.8100,BUY,-8,,
2025-12-08T04:33:42.856566Z,price_change,0.8200,BUY,-8,,
2025-12-08T04:34:11.801414Z,price_change,0.8200,BUY,8,,
2025-12-08T04:34:39.96552Z,price_change,0.8200,BUY,-8,,
2025-12-08T04:34:40.304262Z,price_change,0.8200,BUY,8,,
2025-12-08T04:35:08.511873Z,price_change,0.8200,BUY,-8,,
2025-12-08T04:35:37.150496Z,price_change,0.8200,BUY,8,,
2025-12-08T04:36:05.490858Z,price_change,0.8200,BUY,-8,,
2025-12-08T04:36:33.843174Z,price_change,0.8200,BUY,8,,
2025-12-08T04:36:34.403211Z,price_change,0.8100,BUY,8,,
2025-12-08T04:36:54.561068Z,price_change,0.8100,BUY,-8,,
2025-12-08T04:37:01.055787Z,price_change,0.8200,BUY,-8,,
2025-12-08T04:37:29.331171Z,price_change,0.8200,BUY,8,,
2025-12-08T04:37:56.617211Z,price_change,0.8200,BUY,-8,,
2025-12-08T04:38:24.783272Z,price_change,0.8200,BUY,8,,
2025-12-08T04:38:51.96918Z,price_change,0.8200,BUY,-8,,
2025-12-08T04:38:52.40842Z,price_change,0.8200,BUY,8,,
2025-12-08T04:39:19.916377Z,price_change,0.8200,BUY,-8,,
2025-12-08T04:39:42.408944Z,price_change,0.7900,BUY,-406,,
2025-12-08T04:39:44.058896Z,price_change,0.7900,BUY,406,,
2025-12-08T04:39:48.109384Z,price_change,0.8200,BUY,8,,
2025-12-08T04:40:15.588024Z,price_change,0.8200,BUY,-8,,
2025-12-08T04:40:16.021408Z,price_change,0.8200,BUY,8,,
2025-12-08T04:40:43.22778Z,price_change,0.8200,BUY,-8,,
2025-12-08T04:40:53.664381Z,price_change,0.7900,BUY,-406,,
2025-12-08T04:40:55.493459Z,price_change,0.7900,BUY,406,,
2025-12-08T04:41:13.078266Z,price_change,0.8200,BUY,8,,
2025-12-08T04:41:39.720768Z,price_change,0.8200,BUY,-8,,
2025-12-08T04:42:08.234223Z,price_change,0.8200,BUY,8,,
2025-12-08T04:42:35.540054Z,price_change,0.8200,BUY,-8,,
2025-12-08T04:43:03.91785Z,price_change,0.8200,BUY,8,,
2025-12-08T04:43:31.088121Z,price_change,0.8200,BUY,-8,,
2025-12-08T04:43:58.465484Z,price_change,0.8200,BUY,8,,
2025-12-08T04:44:25.032117Z,price_change,0.8200,BUY,-8,,
2025-12-08T04:44:52.221682Z,price_change,0.8200,BUY,8,,
2025-12-08T04:45:18.857047Z,price_change,0.8200,BUY,-8,,
2025-12-08T04:45:19.302159Z,price_change,0.8100,BUY,13,,
2025-12-08T04:45:45.709234Z,price_change,0.8200,BUY,8,,
2025-12-08T04:45:46.125988Z,price_change,0.8100,BUY,-5,,
2025-12-08T04:46:12.441965Z,price_change,0.8200,BUY,-8,,
2025-12-08T04:46:12.64464Z,price_change,0.8100,BUY,5,,
2025-12-08T04:46:12.770578Z,price_change,0.8200,BUY,8,,
2025-12-08T04:46:13.021561Z,price_change,0.8100,BUY,-5,,
2025-12-08T04:46:13.46881Z,price_change,0.7900,BUY,-406,,
2025-12-08T04:46:15.263751Z,price_change,0.7900,BUY,406,,
2025-12-08T04:46:38.949724Z,price_change,0.8200,BUY,-8,,
2025-12-08T04:46:39.271748Z,price_change,0.8200,BUY,8,,
2025-12-08T04:46:39.314796Z,price_change,0.8100,BUY,5,,
2025-12-08T04:46:39.942632Z,price_change,0.8100,BUY,-5,,
2025-12-08T04:47:05.843399Z,price_change,0.8200,BUY,-8,,
2025-12-08T04:47:06.172799Z,price_change,0.8200,BUY,8,,
2025-12-08T04:47:06.217736Z,price_change,0.8100,BUY,5,,
2025-12-08T04:47:06.536977Z,price_change,0.8100,BUY,-5,,
2025-12-08T04:47:32.541077Z,price_change,0.8200,BUY,-8,,
2025-12-08T04:47:32.840395Z,price_change,0.8100,BUY,5,,
2025-12-08T04:47:32.863546Z,price_change,0.8200,BUY,8,,
2025-12-08T04:47:33.332935Z,price_change,0.8100,BUY,-5,,
2025-12-08T04:47:59.471961Z,price_change,0.8200,BUY,-8,,
2025-12-08T04:47:59.847829Z,price_change,0.8100,BUY,5,,
2025-12-08T04:48:26.706223Z,price_change,0.8200,BUY,8,,
2025-12-08T04:48:26.914723Z,price_change,0.8100,BUY,-5,,
2025-12-08T04:48:52.894001Z,price_change,0.8200,BUY,-8,,
2025-12-08T04:48:53.241491Z,price_change,0.8200,BUY,8,,
2025-12-08T04:49:03.573156Z,price_change,0.3300,BUY,6,,
2025-12-08T04:50:03.000274Z,price_change,0.7900,BUY,-406,,
2025-12-08T04:50:53.002267Z,price_change,0.8200,BUY,-8,,
2025-12-08T04:51:01.596121Z,price_change,0.8100,BUY,-8,,
2025-12-08T04:51:08.56612Z,price_change,0.8200,BUY,8,,
2025-12-08T04:51:37.763689Z,price_change,0.8200,BUY,-8,,
2025-12-08T04:52:07.80284Z,price_change,0.8200,BUY,8,,
2025-12-08T04:52:36.386343Z,price_change,0.8200,BUY,-8,,
2025-12-08T04:53:05.989879Z,price_change,0.8200,BUY,8,,
2025-12-08T04:53:34.945707Z,price_change,0.8200,BUY,-8,,
2025-12-08T04:54:04.951736Z,price_change,0.8200,BUY,8,,
2025-12-08T04:54:33.294896Z,price_change,0.8200,BUY,-8,,
2025-12-08T04:54:33.723315Z,price_change,0.8200,BUY,8,,
2025-12-08T04:55:02.422497Z,price_change,0.8200,BUY,-8,,
2025-12-08T04:55:02.770716Z,price_change,0.8200,BUY,8,,
2025-12-08T04:55:30.873538Z,price_change,0.8200,BUY,-8,,
2025-12-08T04:55:31.190792Z,price_change,0.8200,BUY,8,,
2025-12-08T04:55:59.66275Z,price_change,0.8200,BUY,-8,,
2025-12-08T04:56:28.926759Z,price_change,0.8200,BUY,8,,
2025-12-08T04:56:57.382667Z,price_change,0.8200,BUY,-8,,
2025-12-08T04:57:26.187449Z,price_change,0.8200,BUY,8,,
2025-12-08T04:57:54.228235Z,price_change,0.8200,BUY,-8,,
2025-12-08T04:57:54.672154Z,price_change,0.8200,BUY,8,,
2025-12-08T04:58:22.825271Z,price_change,0.8200,BUY,-8,,
2025-12-08T04:58:23.249775Z,price_change,0.8200,BUY,8,,
2025-12-08T04:58:51.474229Z,price_change,0.8200,BUY,-8,,
2025-12-08T04:58:51.901949Z,price_change,0.8200,BUY,8,,
2025-12-08T04:59:20.118847Z,price_change,0.8200,BUY,-8,,
2025-12-08T04:59:20.589044Z,price_change,0.8200,BUY,8,,
2025-12-08T04:59:49.054891Z,price_change,0.8200,BUY,-8,,
2025-12-08T05:00:20.514575Z,price_change,0.8200,BUY,8,,
2025-12-08T05:00:48.982545Z,price_change,0.8200,BUY,-8,,
2025-12-08T05:00:49.436474Z,price_change,0.8200,BUY,8,,
2025-12-08T05:01:17.680479Z,price_change,0.8200,BUY,-8,,
2025-12-08T05:01:18.119115Z,price_change,0.8200,BUY,8,,
2025-12-08T05:01:18.286043Z,price_change,0.8100,BUY,406,,
2025-12-08T05:01:19.06757Z,price_change,0.8100,BUY,-398,,
2025-12-08T05:01:45.900332Z,price_change,0.8200,BUY,-8,,
2025-12-08T05:01:46.218346Z,price_change,0.8100,BUY,398,,
2025-12-08T05:02:14.098318Z,price_change,0.8200,BUY,8,,
2025-12-08T05:02:14.327793Z,price_change,0.8100,BUY,-398,,
2025-12-08T05:02:42.321142Z,price_change,0.8200,BUY,-8,,
2025-12-08T05:02:42.645683Z,price_change,0.8100,BUY,398,,
2025-12-08T05:03:10.960742Z,price_change,0.8200,BUY,8,,
2025-12-08T05:03:11.165454Z,price_change,0.8100,BUY,-398,,
2025-12-08T05:03:38.615055Z,price_change,0.8200,BUY,-8,,
2025-12-08T05:03:38.906988Z,price_change,0.8100,BUY,398,,
2025-12-08T05:03:39.085905Z,price_change,0.8200,BUY,8,,
2025-12-08T05:03:39.405371Z,price_change,0.8100,BUY,-398,,
2025-12-08T05:04:06.638678Z,price_change,0.8200,BUY,-8,,
2025-12-08T05:04:06.952242Z,price_change,0.8100,BUY,398,,
2025-12-08T05:04:34.395032Z,price_change,0.8200,BUY,8,,
2025-12-08T05:04:34.655128Z,price_change,0.8100,BUY,-398,,
2025-12-08T05:05:01.643947Z,price_change,0.8200,BUY,-8,,
2025-12-08T05:05:01.96449Z,price_change,0.8100,BUY,398,,
2025-12-08T05:05:06.136189Z,price_change,0.8100,BUY,300,,
2025-12-08T05:05:29.257868Z,price_change,0.8200,BUY,8,,
2025-12-08T05:05:29.504993Z,price_change,0.8100,BUY,-398,,
2025-12-08T05:05:56.52579Z,price_change,0.8200,BUY,-8,,
2025-12-08T05:05:56.814084Z,price_change,0.8100,BUY,398,,
2025-12-08T05:05:56.960081Z,price_change,0.8200,BUY,8,,
2025-12-08T05:05:57.343306Z,price_change,0.8100,BUY,-398,,
2025-12-08T05:06:23.97484Z,price_change,0.8200,BUY,-8,,
2025-12-08T05:06:24.174563Z,price_change,0.8100,BUY,398,,
2025-12-08T05:06:24.392407Z,price_change,0.8200,BUY,8,,
2025-12-08T05:06:24.638049Z,price_change,0.8100,BUY,-398,,
2025-12-08T05:06:51.588039Z,price_change,0.8200,BUY,-8,,
2025-12-08T05:06:51.79392Z,price_change,0.8100,BUY,398,,
2025-12-08T05:06:52.023836Z,price_change,0.8200,BUY,8,,
2025-12-08T05:06:52.343738Z,price_change,0.8100,BUY,-398,,
2025-12-08T05:07:19.477301Z,price_change,0.8200,BUY,-8,,
2025-12-08T05:07:19.724448Z,price_change,0.8100,BUY,398,,
2025-12-08T05:07:19.801992Z,price_change,0.8200,BUY,8,,
2025-12-08T05:07:21.695716Z,price_change,0.8100,BUY,-398,,
2025-12-08T05:07:47.111834Z,price_change,0.8200,BUY,-8,,
2025-12-08T05:07:47.512389Z,price_change,0.8100,BUY,398,,
2025-12-08T05:08:15.067639Z,price_change,0.8200,BUY,8,,
2025-12-08T05:08:15.571931Z,price_change,0.8100,BUY,-398,,
2025-12-08T05:08:41.933567Z,price_change,0.8200,BUY,-8,,
2025-12-08T05:08:42.236717Z,price_change,0.8100,BUY,398,,
2025-12-08T05:08:42.353837Z,price_change,0.8200,BUY,8,,
2025-12-08T05:08:42.561822Z,price_change,0.8100,BUY,-398,,
2025-12-08T05:09:09.76713Z,price_change,0.8200,BUY,-8,,
2025-12-08T05:09:10.095357Z,price_change,0.8200,BUY,8,,
2025-12-08T05:09:10.139023Z,price_change,0.8100,BUY,398,,
2025-12-08T05:09:10.458975Z,price_change,0.8100,BUY,-398,,
2025-12-08T05:09:37.461666Z,price_change,0.8200,BUY,-8,,
2025-12-08T05:09:37.690695Z,price_change,0.8100,BUY,398,,
2025-12-08T05:09:37.891278Z,price_change,0.8200,BUY,8,,
2025-12-08T05:09:38.094009Z,price_change,0.8100,BUY,-398,,
2025-12-08T05:10:05.211359Z,price_change,0.8200,BUY,-8,,
2025-12-08T05:10:05.517994Z,price_change,0.8100,BUY,398,,
2025-12-08T05:10:33.394084Z,price_change,0.8200,BUY,8,,
2025-12-08T05:10:33.707026Z,price_change,0.8100,BUY,-398,,
2025-12-08T05:11:00.794196Z,price_change,0.8200,BUY,-8,,
2025-12-08T05:11:02.125862Z,price_change,0.8100,BUY,398,,
2025-12-08T05:11:28.613062Z,price_change,0.8200,BUY,8,,
2025-12-08T05:11:28.830373Z,price_change,0.8100,BUY,-398,,
2025-12-08T05:11:55.895691Z,price_change,0.8200,BUY,-8,,
2025-12-08T05:11:56.113649Z,price_change,0.8100,BUY,398,,
2025-12-08T05:12:15.811861Z,price_change,0.4500,BUY,-621,,
2025-12-08T05:12:16.108421Z,price_change,0.4500,BUY,631,,
2025-12-08T05:12:23.692514Z,price_change,0.8200,BUY,8,,
2025-12-08T05:12:23.977383Z,price_change,0.8100,BUY,-398,,
2025-12-08T05:12:50.815224Z,price_change,0.8200,BUY,-8,,
2025-12-08T05:12:51.22925Z,price_change,0.8200,BUY,8,,
2025-12-08T05:12:51.282537Z,price_change,0.8100,BUY,398,,
2025-12-08T05:12:52.700658Z,price_change,0.8100,BUY,-398,,
2025-12-08T05:13:18.304934Z,price_change,0.8200,BUY,-8,,
2025-12-08T05:13:18.50526Z,price_change,0.8100,BUY,398,,
2025-12-08T05:13:18.732827Z,price_change,0.8200,BUY,8,,
2025-12-08T05:13:18.94058Z,price_change,0.8100,BUY,-398,,
2025-12-08T05:15:18.006262Z,price_change,0.8200,BUY,-8,,
2025-12-08T05:15:18.757268Z,price_change,0.8100,BUY,398,,
2025-12-08T05:15:33.597191Z,price_change,0.8200,BUY,8,,
2025-12-08T05:15:33.798424Z,price_change,0.8100,BUY,-398,,
2025-12-08T05:16:05.193387Z,price_change,0.8200,BUY,-8,,
2025-12-08T05:16:05.490164Z,price_change,0.8100,BUY,398,,
2025-12-08T05:16:05.523968Z,price_change,0.8200,BUY,8,,
2025-12-08T05:16:05.746686Z,price_change,0.8100,BUY,-398,,
2025-12-08T05:16:36.242768Z,price_change,0.8200,BUY,-8,,
2025-12-08T05:16:36.470075Z,price_change,0.8100,BUY,398,,
2025-12-08T05:16:36.671004Z,price_change,0.8200,BUY,8,,
2025-12-08T05:16:36.939674Z,price_change,0.8100,BUY,-398,,
2025-12-08T05:17:07.878625Z,price_change,0.8200,BUY,-8,,
2025-12-08T05:17:08.081406Z,price_change,0.8100,BUY,398,,
2025-12-08T05:17:08.315298Z,price_change,0.8200,BUY,8,,
2025-12-08T05:17:08.636823Z,price_change,0.8100,BUY,-398,,
2025-12-08T05:17:39.144109Z,price_change,0.8200,BUY,-8,,
2025-12-08T05:17:39.517486Z,price_change,0.8100,BUY,398,,
2025-12-08T05:17:39.574127Z,price_change,0.8200,BUY,8,,
2025-12-08T05:17:40.132241Z,price_change,0.8100,BUY,-398,,
2025-12-08T05:18:11.021699Z,price_change,0.8200,BUY,-8,,
2025-12-08T05:18:11.551499Z,price_change,0.8100,BUY,398,,
2025-12-08T05:18:42.711862Z,price_change,0.8200,BUY,8,,
2025-12-08T05:18:42.921122Z,price_change,0.8100,BUY,-398,,
2025-12-08T05:19:13.953934Z,price_change,0.8200,BUY,-8,,
2025-12-08T05:19:14.412148Z,price_change,0.8100,BUY,398,,
2025-12-08T05:19:46.232328Z,price_change,0.8200,BUY,8,,
2025-12-08T05:19:46.441146Z,price_change,0.8100,BUY,-398,,
2025-12-08T05:20:17.376181Z,price_change,0.8200,BUY,-8,,
2025-12-08T05:20:17.576713Z,price_change,0.8100,BUY,398,,
2025-12-08T05:20:48.678344Z,price_change,0.8200,BUY,8,,
2025-12-08T05:20:48.93289Z,price_change,0.8100,BUY,-398,,
2025-12-08T05:21:18.848585Z,price_change,0.8200,BUY,-8,,
2025-12-08T05:21:19.055668Z,price_change,0.8100,BUY,398,,
2025-12-08T05:21:49.890602Z,price_change,0.8200,BUY,8,,
2025-12-08T05:21:50.429343Z,price_change,0.8100,BUY,-398,,
2025-12-08T05:22:20.552025Z,price_change,0.8200,BUY,-8,,
2025-12-08T05:22:21.349804Z,price_change,0.8100,BUY,398,,
2025-12-08T05:22:51.620486Z,price_change,0.8200,BUY,8,,
2025-12-08T05:22:51.850618Z,price_change,0.8100,BUY,-398,,
2025-12-08T05:23:22.074058Z,price_change,0.8200,BUY,-8,,
2025-12-08T05:23:22.411639Z,price_change,0.8100,BUY,398,,
2025-12-08T05:23:22.497515Z,price_change,0.8200,BUY,8,,
2025-12-08T05:23:52.875766Z,price_change,0.8200,BUY,-8,,
2025-12-08T05:24:24.114515Z,price_change,0.8200,BUY,8,,
2025-12-08T05:24:24.337079Z,price_change,0.8100,BUY,-398,,
2025-12-08T05:24:54.550113Z,price_change,0.8200,BUY,-8,,
2025-12-08T05:24:54.797603Z,price_change,0.8100,BUY,398,,
2025-12-08T05:24:54.979895Z,price_change,0.8200,BUY,8,,
2025-12-08T05:24:55.643454Z,price_change,0.8100,BUY,-398,,
2025-12-08T05:25:25.589553Z,price_change,0.8200,BUY,-8,,
2025-12-08T05:25:25.850443Z,price_change,0.8100,BUY,398,,
2025-12-08T05:25:56.391598Z,price_change,0.8200,BUY,8,,
2025-12-08T05:25:56.600252Z,price_change,0.8100,BUY,-398,,
2025-12-08T05:26:26.236031Z,price_change,0.8200,BUY,-8,,
2025-12-08T05:26:26.587527Z,price_change,0.8100,BUY,398,,
2025-12-08T05:26:26.713468Z,price_change,0.8200,BUY,8,,
2025-12-08T05:26:27.043252Z,price_change,0.8100,BUY,-398,,
2025-12-08T05:26:56.650651Z,price_change,0.8200,BUY,-8,,
2025-12-08T05:26:57.297889Z,price_change,0.8100,BUY,398,,
2025-12-08T05:27:27.480677Z,price_change,0.8200,BUY,8,,
2025-12-08T05:27:27.69002Z,price_change,0.8100,BUY,-398,,
2025-12-08T05:27:57.305756Z,price_change,0.8200,BUY,-8,,
2025-12-08T05:27:59.730218Z,price_change,0.8100,BUY,398,,
2025-12-08T05:28:28.077161Z,price_change,0.8200,BUY,8,,
2025-12-08T05:28:28.353045Z,price_change,0.8100,BUY,-398,,
2025-12-08T05:28:58.805658Z,price_change,0.8200,BUY,-8,,
2025-12-08T05:28:59.288216Z,price_change,0.8200,BUY,8,,
2025-12-08T05:28:59.293642Z,price_change,0.8100,BUY,398,,
2025-12-08T05:28:59.756463Z,price_change,0.8100,BUY,-398,,
2025-12-08T05:29:29.394815Z,price_change,0.8200,BUY,-8,,
2025-12-08T05:29:29.657962Z,price_change,0.8100,BUY,398,,
2025-12-08T05:30:00.083702Z,price_change,0.8200,BUY,8,,
2025-12-08T05:30:02.354744Z,price_change,0.8100,BUY,-398,,
2025-12-08T05:30:30.474999Z,price_change,0.8200,BUY,-8,,
2025-12-08T05:30:30.750545Z,price_change,0.8100,BUY,398,,
2025-12-08T05:30:30.910442Z,price_change,0.8200,BUY,8,,
2025-12-08T05:30:31.21366Z,price_change,0.8100,BUY,-398,,
2025-12-08T05:31:01.138754Z,price_change,0.8200,BUY,-8,,
2025-12-08T05:31:01.402464Z,price_change,0.8100,BUY,398,,
2025-12-08T05:31:01.604543Z,price_change,0.8200,BUY,8,,
2025-12-08T05:31:01.862653Z,price_change,0.8100,BUY,-398,,
2025-12-08T05:31:31.855237Z,price_change,0.8200,BUY,-8,,
2025-12-08T05:31:32.314051Z,price_change,0.8100,BUY,398,,
2025-12-08T05:32:03.027166Z,price_change,0.8200,BUY,8,,
2025-12-08T05:32:03.416636Z,price_change,0.8100,BUY,-398,,
2025-12-08T05:32:33.305302Z,price_change,0.8200,BUY,-8,,
2025-12-08T05:32:33.513606Z,price_change,0.8100,BUY,398,,
2025-12-08T05:33:04.314463Z,price_change,0.8200,BUY,8,,
2025-12-08T05:33:04.704213Z,price_change,0.8100,BUY,-398,,
2025-12-08T05:33:34.096987Z,price_change,0.8200,BUY,-8,,
2025-12-08T05:33:34.42644Z,price_change,0.8100,BUY,398,,
2025-12-08T05:33:34.533766Z,price_change,0.8200,BUY,8,,
2025-12-08T05:33:34.757338Z,price_change,0.8100,BUY,-398,,
2025-12-08T05:34:05.167186Z,price_change,0.8200,BUY,-8,,
2025-12-08T05:34:05.373593Z,price_change,0.8100,BUY,398,,
2025-12-08T05:34:35.987734Z,price_change,0.8200,BUY,8,,
2025-12-08T05:34:36.235987Z,price_change,0.8100,BUY,-398,,
2025-12-08T05:35:05.887531Z,price_change,0.8200,BUY,-8,,
2025-12-08T05:35:06.129525Z,price_change,0.8100,BUY,398,,
2025-12-08T05:35:36.329261Z,price_change,0.8200,BUY,8,,
2025-12-08T05:35:36.842061Z,price_change,0.8100,BUY,-398,,
2025-12-08T05:36:06.22441Z,price_change,0.8200,BUY,-8,,
2025-12-08T05:36:06.445924Z,price_change,0.8100,BUY,398,,
2025-12-08T05:36:36.683311Z,price_change,0.8200,BUY,8,,
2025-12-08T05:36:37.016939Z,price_change,0.8100,BUY,-398,,
2025-12-08T05:37:06.452809Z,price_change,0.8200,BUY,-8,,
2025-12-08T05:37:06.740237Z,price_change,0.8100,BUY,398,,
2025-12-08T05:37:06.88411Z,price_change,0.8200,BUY,8,,
2025-12-08T05:37:07.431601Z,price_change,0.8100,BUY,-398,,
2025-12-08T05:37:37.019163Z,price_change,0.8200,BUY,-8,,
2025-12-08T05:37:37.44191Z,price_change,0.8200,BUY,8,,
2025-12-08T05:38:06.998171Z,price_change,0.8200,BUY,-8,,
2025-12-08T05:38:07.557187Z,price_change,0.8100,BUY,398,,
2025-12-08T05:38:37.743004Z,price_change,0.8200,BUY,8,,
2025-12-08T05:38:37.950414Z,price_change,0.8100,BUY,-398,,
2025-12-08T05:39:07.716316Z,price_change,0.8200,BUY,-8,,
2025-12-08T05:39:08.110389Z,price_change,0.8100,BUY,398,,
2025-12-08T05:39:08.149809Z,price_change,0.8200,BUY,8,,
2025-12-08T05:39:08.352297Z,price_change,0.8100,BUY,-398,,
2025-12-08T05:39:37.892506Z,price_change,0.8200,BUY,-8,,
2025-12-08T05:39:38.221592Z,price_change,0.8100,BUY,398,,
2025-12-08T05:40:36.306169Z,price_change,0.7900,BUY,406,,
2025-12-08T05:40:56.433869Z,price_change,0.8200,BUY,8,,
2025-12-08T05:40:56.695523Z,price_change,0.8100,BUY,-398,,
2025-12-08T05:41:27.778061Z,price_change,0.8200,BUY,-8,,
2025-12-08T05:41:27.979197Z,price_change,0.8100,BUY,398,,
2025-12-08T05:41:28.196225Z,price_change,0.8200,BUY,8,,
2025-12-08T05:41:28.401581Z,price_change,0.8100,BUY,-398,,
2025-12-08T05:41:58.959503Z,price_change,0.8200,BUY,-8,,
2025-12-08T05:41:59.183243Z,price_change,0.8100,BUY,398,,
2025-12-08T05:41:59.299087Z,price_change,0.8200,BUY,8,,
2025-12-08T05:41:59.599909Z,price_change,0.8100,BUY,-398,,
2025-12-08T05:42:30.158096Z,price_change,0.8200,BUY,-8,,
2025-12-08T05:42:30.490042Z,price_change,0.8100,BUY,398,,
2025-12-08T05:42:30.570129Z,price_change,0.8200,BUY,8,,
2025-12-08T05:42:30.774734Z,price_change,0.8100,BUY,-398,,
2025-12-08T05:42:53.533641Z,price_change,0.7900,BUY,-406,,
2025-12-08T05:43:00.813848Z,price_change,0.8200,BUY,-8,,
2025-12-08T05:43:01.137091Z,price_change,0.8200,BUY,8,,
2025-12-08T05:43:04.054994Z,price_change,0.7900,BUY,406,,
2025-12-08T05:43:31.320882Z,price_change,0.8200,BUY,-8,,
2025-12-08T05:43:31.814197Z,price_change,0.8100,BUY,398,,
2025-12-08T05:44:02.522626Z,price_change,0.8200,BUY,8,,
2025-12-08T05:44:02.859231Z,price_change,0.8100,BUY,-398,,
2025-12-08T05:44:05.258731Z,price_change,0.7900,BUY,-406,,
2025-12-08T05:44:17.539056Z,price_change,0.7900,BUY,406,,
2025-12-08T05:44:32.737436Z,price_change,0.8200,BUY,-8,,
2025-12-08T05:44:32.944359Z,price_change,0.8100,BUY,398,,
2025-12-08T05:44:33.156902Z,price_change,0.8200,BUY,8,,
2025-12-08T05:44:33.857253Z,price_change,0.8100,BUY,-398,,
2025-12-08T05:44:40.301577Z,price_change,0.7900,BUY,-406,,
2025-12-08T05:45:01.406284Z,price_change,0.7900,BUY,406,,
2025-12-08T05:45:03.726536Z,price_change,0.8200,BUY,-8,,
2025-12-08T05:45:03.932676Z,price_change,0.8100,BUY,398,,
2025-12-08T05:45:15.629631Z,price_change,0.7900,BUY,-406,,
2025-12-08T05:45:30.646113Z,price_change,0.7900,BUY,406,,
2025-12-08T05:45:34.223545Z,price_change,0.8200,BUY,8,,
2025-12-08T05:45:34.452859Z,price_change,0.8100,BUY,-398,,
2025-12-08T05:46:03.676005Z,price_change,0.8200,BUY,-8,,
2025-12-08T05:46:04.118355Z,price_change,0.8200,BUY,8,,
2025-12-08T05:46:04.139465Z,price_change,0.8100,BUY,398,,
2025-12-08T05:46:04.38535Z,price_change,0.8100,BUY,-398,,
2025-12-08T05:46:34.071848Z,price_change,0.8200,BUY,-8,,
2025-12-08T05:46:34.398796Z,price_change,0.8100,BUY,398,,
2025-12-08T05:46:34.50291Z,price_change,0.8200,BUY,8,,
2025-12-08T05:46:35.171193Z,price_change,0.8100,BUY,-398,,
2025-12-08T05:47:04.226162Z,price_change,0.8200,BUY,-8,,
2025-12-08T05:47:04.553027Z,price_change,0.8100,BUY,398,,
2025-12-08T05:47:34.92339Z,price_change,0.8200,BUY,8,,
2025-12-08T05:47:35.245357Z,price_change,0.8100,BUY,-398,,
2025-12-08T05:47:55.324041Z,price_change,0.3300,BUY,-6,,
2025-12-08T05:47:55.353351Z,price_change,0.3300,BUY,6,,
2025-12-08T05:48:04.521611Z,price_change,0.8200,BUY,-8,,
2025-12-08T05:48:04.957192Z,price_change,0.8200,BUY,8,,
2025-12-08T05:48:34.545537Z,price_change,0.8200,BUY,-8,,
2025-12-08T05:48:34.855545Z,price_change,0.8100,BUY,398,,
2025-12-08T05:49:04.641577Z,price_change,0.8200,BUY,8,,
2025-12-08T05:49:04.845651Z,price_change,0.8100,BUY,-398,,
2025-12-08T05:49:20.612085Z,price_change,0.7900,BUY,-406,,
2025-12-08T05:49:34.105397Z,price_change,0.8200,BUY,-8,,
2025-12-08T05:49:34.4345Z,price_change,0.8200,BUY,8,,
2025-12-08T05:49:34.549753Z,price_change,0.8100,BUY,398,,
2025-12-08T05:49:34.816171Z,price_change,0.8100,BUY,-398,,
2025-12-08T05:49:34.874735Z,price_change,0.7900,BUY,406,,
2025-12-08T05:50:03.67786Z,price_change,0.8200,BUY,-8,,
2025-12-08T05:50:04.046123Z,price_change,0.8100,BUY,398,,
2025-12-08T05:50:33.439071Z,price_change,0.8200,BUY,8,,
2025-12-08T05:50:33.765404Z,price_change,0.8100,BUY,-398,,
2025-12-08T05:51:02.465292Z,price_change,0.8200,BUY,-8,,
2025-12-08T05:51:02.666732Z,price_change,0.8100,BUY,398,,
2025-12-08T05:51:02.901061Z,price_change,0.8200,BUY,8,,
2025-12-08T05:51:03.471189Z,price_change,0.8100,BUY,-398,,
2025-12-08T05:51:31.774104Z,price_change,0.8200,BUY,-8,,
2025-12-08T05:51:32.49534Z,price_change,0.8100,BUY,398,,
2025-12-08T05:52:01.400411Z,price_change,0.8200,BUY,8,,
2025-12-08T05:52:02.346724Z,price_change,0.8100,BUY,-398,,
2025-12-08T05:52:30.492065Z,price_change,0.8200,BUY,-8,,
2025-12-08T05:52:30.911854Z,price_change,0.8200,BUY,8,,
2025-12-08T05:52:31.097636Z,price_change,0.8100,BUY,398,,
2025-12-08T05:52:31.46409Z,price_change,0.8100,BUY,-398,,
2025-12-08T05:52:59.894855Z,price_change,0.8200,BUY,-8,,
2025-12-08T05:53:00.30679Z,price_change,0.8100,BUY,398,,
2025-12-08T05:53:29.681494Z,price_change,0.8200,BUY,8,,
2025-12-08T05:53:29.885335Z,price_change,0.8100,BUY,-398,,
2025-12-08T05:53:58.683004Z,price_change,0.8200,BUY,-8,,
2025-12-08T05:53:59.06794Z,price_change,0.8100,BUY,398,,
2025-12-08T05:54:28.382547Z,price_change,0.8200,BUY,8,,
2025-12-08T05:54:28.601939Z,price_change,0.8100,BUY,-398,,
2025-12-08T05:54:47.818141Z,price_change,0.7900,BUY,-406,,
2025-12-08T05:54:57.49106Z,price_change,0.8200,BUY,-8,,
2025-12-08T05:54:57.693751Z,price_change,0.8100,BUY,398,,
2025-12-08T05:54:58.285173Z,price_change,0.7900,BUY,406,,
2025-12-08T05:55:27.190022Z,price_change,0.8200,BUY,8,,
2025-12-08T05:55:27.561353Z,price_change,0.8100,BUY,-398,,
2025-12-08T05:55:56.171391Z,price_change,0.8200,BUY,-8,,
2025-12-08T05:55:56.504018Z,price_change,0.8200,BUY,8,,
2025-12-08T05:55:56.520484Z,price_change,0.8100,BUY,398,,
2025-12-08T05:55:56.991295Z,price_change,0.8100,BUY,-398,,
2025-12-08T05:56:25.765398Z,price_change,0.8200,BUY,-8,,
2025-12-08T05:56:26.091532Z,price_change,0.8100,BUY,398,,
2025-12-08T05:56:55.203178Z,price_change,0.8200,BUY,8,,
2025-12-08T05:56:55.671937Z,price_change,0.8100,BUY,-398,,
2025-12-08T05:57:24.380469Z,price_change,0.8200,BUY,-8,,
2025-12-08T05:57:24.642321Z,price_change,0.8100,BUY,398,,
2025-12-08T05:57:54.024264Z,price_change,0.8200,BUY,8,,
2025-12-08T05:57:56.249563Z,price_change,0.8100,BUY,-398,,
2025-12-08T05:58:23.185438Z,price_change,0.8200,BUY,-8,,
2025-12-08T05:58:23.519413Z,price_change,0.8100,BUY,398,,
2025-12-08T05:58:46.420921Z,price_change,0.8100,BUY,-49,,
2025-12-08T05:58:46.547195Z,price_change,0.3300,BUY,-6,,
2025-12-08T05:58:46.576392Z,price_change,0.3300,BUY,6,,
2025-12-08T05:58:50.319034Z,price_change,0.7300,BUY,-151,,
2025-12-08T05:58:50.464656Z,price_change,0.7400,BUY,-100,,
2025-12-08T05:58:50.546673Z,price_change,0.6600,BUY,572,,
2025-12-08T05:58:50.548464Z,price_change,0.6700,BUY,105,,
2025-12-08T05:58:50.550239Z,price_change,0.6800,BUY,69,,
2025-12-08T05:58:50.551932Z,price_change,0.7100,BUY,67,,
2025-12-08T05:58:50.553639Z,price_change,0.7200,BUY,37,,
2025-12-08T05:58:52.900821Z,price_change,0.8200,BUY,8,,
2025-12-08T05:58:53.398446Z,price_change,0.8100,BUY,-398,,
2025-12-08T05:59:21.565381Z,price_change,0.8200,BUY,-8,,
2025-12-08T05:59:21.894563Z,price_change,0.8100,BUY,398,,
2025-12-08T05:59:51.284128Z,price_change,0.8200,BUY,8,,
2025-12-08T05:59:51.735541Z,price_change,0.8100,BUY,-398,,
2025-12-08T06:00:20.411688Z,price_change,0.8200,BUY,-8,,
2025-12-08T06:00:20.683756Z,price_change,0.8100,BUY,398,,
2025-12-08T06:00:50.033645Z,price_change,0.8200,BUY,8,,
2025-12-08T06:00:50.518723Z,price_change,0.8100,BUY,-398,,
2025-12-08T06:01:18.933416Z,price_change,0.8200,BUY,-8,,
2025-12-08T06:01:19.869003Z,price_change,0.8100,BUY,398,,
2025-12-08T06:01:48.40394Z,price_change,0.8200,BUY,8,,
2025-12-08T06:01:48.995845Z,price_change,0.8100,BUY,-398,,
2025-12-08T06:02:17.348337Z,price_change,0.8200,BUY,-8,,
2025-12-08T06:02:17.675122Z,price_change,0.8100,BUY,398,,
2025-12-08T06:02:17.774298Z,price_change,0.8200,BUY,8,,
2025-12-08T06:02:17.977053Z,price_change,0.8100,BUY,-398,,
2025-12-08T06:02:46.768139Z,price_change,0.8200,BUY,-8,,
2025-12-08T06:02:47.10124Z,price_change,0.8100,BUY,398,,
2025-12-08T06:03:16.133142Z,price_change,0.8200,BUY,8,,
2025-12-08T06:03:16.353395Z,price_change,0.8100,BUY,-398,,
2025-12-08T06:03:21.192713Z,price_change,0.7900,BUY,-406,,
2025-12-08T06:03:35.748185Z,price_change,0.7900,BUY,406,,
2025-12-08T06:03:45.194677Z,price_change,0.8200,BUY,-8,,
2025-12-08T06:03:45.500525Z,price_change,0.8100,BUY,398,,
2025-12-08T06:04:15.346047Z,price_change,0.8200,BUY,8,,
2025-12-08T06:04:15.659582Z,price_change,0.8100,BUY,-398,,
2025-12-08T06:04:44.400226Z,price_change,0.8200,BUY,-8,,
2025-12-08T06:04:44.734307Z,price_change,0.8200,BUY,8,,
2025-12-08T06:05:13.918354Z,price_change,0.8200,BUY,-8,,
2025-12-08T06:05:14.42311Z,price_change,0.8100,BUY,398,,
2025-12-08T06:06:45.759144Z,price_change,0.8200,BUY,8,,
2025-12-08T06:06:46.171829Z,price_change,0.8100,BUY,-398,,
2025-12-08T06:07:17.710366Z,price_change,0.8200,BUY,-8,,
2025-12-08T06:07:17.976663Z,price_change,0.8100,BUY,398,,
2025-12-08T06:07:18.141112Z,price_change,0.8200,BUY,8,,
2025-12-08T06:07:18.762797Z,price_change,0.8100,BUY,-398,,
2025-12-08T06:07:49.849355Z,price_change,0.8200,BUY,-8,,
2025-12-08T06:07:50.179875Z,price_change,0.8100,BUY,398,,
2025-12-08T06:07:50.263603Z,price_change,0.8200,BUY,8,,
2025-12-08T06:07:50.77057Z,price_change,0.8100,BUY,-398,,
2025-12-08T06:08:00.786467Z,price_change,0.7900,BUY,-406,,
2025-12-08T06:08:21.929419Z,price_change,0.8200,BUY,-8,,
2025-12-08T06:08:22.354112Z,price_change,0.8200,BUY,8,,
2025-12-08T06:08:34.362546Z,price_change,0.7900,BUY,406,,
2025-12-08T06:08:53.358229Z,price_change,0.8200,BUY,-8,,
2025-12-08T06:08:53.665479Z,price_change,0.8100,BUY,-8,,
2025-12-08T06:09:10.538866Z,price_change,0.7900,BUY,-406,,
2025-12-08T06:09:24.89866Z,price_change,0.8200,BUY,8,,
2025-12-08T06:09:26.041508Z,price_change,0.8100,BUY,8,,
2025-12-08T06:09:43.346544Z,price_change,0.7900,BUY,406,,
2025-12-08T06:09:55.873509Z,price_change,0.8200,BUY,-8,,
2025-12-08T06:09:56.373124Z,price_change,0.8100,BUY,-8,,
2025-12-08T06:10:27.316355Z,price_change,0.8200,BUY,8,,
2025-12-08T06:10:27.763562Z,price_change,0.8100,BUY,8,,
2025-12-08T06:10:58.049048Z,price_change,0.8200,BUY,-8,,
2025-12-08T06:10:58.330089Z,price_change,0.8100,BUY,-8,,
2025-12-08T06:10:58.471727Z,price_change,0.8200,BUY,8,,
2025-12-08T06:10:58.849168Z,price_change,0.8100,BUY,8,,
2025-12-08T06:11:28.45931Z,price_change,0.8200,BUY,-8,,
2025-12-08T06:11:28.831005Z,price_change,0.8100,BUY,-8,,
2025-12-08T06:11:28.922966Z,price_change,0.8200,BUY,8,,
2025-12-08T06:11:29.485953Z,price_change,0.8100,BUY,8,,
2025-12-08T06:11:59.008535Z,price_change,0.8200,BUY,-8,,
2025-12-08T06:11:59.335325Z,price_change,0.8100,BUY,-8,,
2025-12-08T06:11:59.434827Z,price_change,0.8200,BUY,8,,
2025-12-08T06:12:00.12876Z,price_change,0.8100,BUY,8,,
2025-12-08T06:12:29.766188Z,price_change,0.8200,BUY,-8,,
2025-12-08T06:12:30.194191Z,price_change,0.8200,BUY,8,,
2025-12-08T06:13:00.570088Z,price_change,0.8200,BUY,-8,,
2025-12-08T06:13:01.006546Z,price_change,0.8200,BUY,8,,
2025-12-08T06:13:01.101863Z,price_change,0.8100,BUY,-8,,
2025-12-08T06:13:02.348149Z,price_change,0.8100,BUY,8,,
2025-12-08T06:13:08.872713Z,price_change,0.7900,BUY,-406,,
2025-12-08T06:13:20.757919Z,price_change,0.7900,BUY,406,,
2025-12-08T06:13:31.600501Z,price_change,0.8200,BUY,-8,,
2025-12-08T06:13:31.997649Z,price_change,0.8100,BUY,-8,,
2025-12-08T06:13:32.02537Z,price_change,0.8200,BUY,8,,
2025-12-08T06:13:32.622687Z,price_change,0.8100,BUY,8,,
2025-12-08T06:14:02.630354Z,price_change,0.8200,BUY,-8,,
2025-12-08T06:14:02.916604Z,price_change,0.8100,BUY,-8,,
2025-12-08T06:14:03.073212Z,price_change,0.8200,BUY,8,,
2025-12-08T06:14:03.590178Z,price_change,0.8100,BUY,8,,
2025-12-08T06:14:33.380277Z,price_change,0.8200,BUY,-8,,
2025-12-08T06:14:33.801821Z,price_change,0.8200,BUY,8,,
2025-12-08T06:15:04.398332Z,price_change,0.8200,BUY,-8,,
2025-12-08T06:15:04.82515Z,price_change,0.8200,BUY,8,,
2025-12-08T06:15:18.489109Z,price_change,0.7900,BUY,-406,,
2025-12-08T06:15:35.155017Z,price_change,0.8200,BUY,-8,,
2025-12-08T06:15:35.482884Z,price_change,0.8200,BUY,8,,
2025-12-08T06:15:50.592706Z,price_change,0.7900,BUY,406,,
2025-12-08T06:16:05.450291Z,price_change,0.8200,BUY,-8,,
2025-12-08T06:16:05.87892Z,price_change,0.8200,BUY,8,,
2025-12-08T06:16:36.360713Z,price_change,0.8200,BUY,-8,,
2025-12-08T06:16:36.656811Z,price_change,0.8100,BUY,-8,,
2025-12-08T06:16:36.78506Z,price_change,0.8200,BUY,8,,
2025-12-08T06:16:37.23001Z,price_change,0.8100,BUY,8,,
2025-12-08T06:16:51.200973Z,price_change,0.8200,BUY,-8,,
2025-12-08T06:16:51.413251Z,price_change,0.3300,BUY,-6,,
2025-12-08T06:16:51.473534Z,price_change,0.3300,BUY,6,,
2025-12-08T06:16:51.746113Z,price_change,0.8100,BUY,-8,,
2025-12-08T06:17:07.382789Z,price_change,0.8200,BUY,8,,
2025-12-08T06:17:08.159272Z,price_change,0.8100,BUY,8,,
2025-12-08T06:17:18.502696Z,price_change,0.8200,BUY,-8,,
2025-12-08T06:17:18.723896Z,price_change,0.3300,BUY,-6,,
2025-12-08T06:17:18.77569Z,price_change,0.3300,BUY,6,,
2025-12-08T06:17:18.819946Z,price_change,0.8100,BUY,-8,,
2025-12-08T06:18:08.185973Z,price_change,0.8100,BUY,-85,,
2025-12-08T06:18:08.440836Z,price_change,0.3300,BUY,-6,,
2025-12-08T06:18:08.486181Z,price_change,0.3300,BUY,6,,
2025-12-08T06:23:35.25474Z,price_change,0.7900,BUY,-406,,
2025-12-08T06:23:45.565638Z,price_change,0.7900,BUY,406,,
2025-12-08T06:23:54.620555Z,price_change,0.7900,BUY,-406,,
2025-12-08T06:24:12.110905Z,price_change,0.7900,BUY,406,,
2025-12-08T06:25:34.498264Z,price_change,0.7900,BUY,-406,,
2025-12-08T06:25:37.613054Z,price_change,0.7900,BUY,406,,
2025-12-08T06:33:44.489361Z,price_change,0.8100,BUY,50,,
2025-12-08T06:36:08.573434Z,price_change,0.8100,BUY,-50,,
2025-12-08T06:36:33.128265Z,price_change,0.7900,BUY,-406,,
2025-12-08T06:36:36.232793Z,price_change,0.7900,BUY,406,,
2025-12-08T06:37:56.801765Z,price_change,0.6600,BUY,-50,,
2025-12-08T06:37:56.980983Z,price_change,0.6700,BUY,-49,,
2025-12-08T06:37:57.149758Z,price_change,0.6800,BUY,-46,,
2025-12-08T06:37:57.299613Z,price_change,0.6900,BUY,-32,,
2025-12-08T06:37:57.502537Z,price_change,0.7000,BUY,-12,,
2025-12-08T06:37:57.722408Z,price_change,0.7100,BUY,-31,,
2025-12-08T06:37:57.964313Z,price_change,0.7200,BUY,-29,,
2025-12-08T06:37:58.120087Z,price_change,0.7300,BUY,-10,,
2025-12-08T06:40:35.358822Z,price_change,0.7900,BUY,-406,,
2025-12-08T06:40:41.772788Z,price_change,0.7900,BUY,406,,
2025-12-08T06:43:03.499568Z,price_change,0.7900,BUY,-406,,
2025-12-08T06:43:16.650079Z,price_change,0.7900,BUY,406,,
2025-12-08T06:43:50.635673Z,price_change,0.4500,BUY,-631,,
2025-12-08T06:43:50.925395Z,price_change,0.4500,BUY,620,,
2025-12-08T06:45:08.258684Z,price_change,0.7900,BUY,406,,
2025-12-08T06:45:16.574169Z,price_change,0.7900,BUY,-406,,
2025-12-08T06:45:34.208292Z,price_change,0.7900,BUY,406,,
2025-12-08T06:45:54.709244Z,price_change,0.7900,BUY,-406,,
2025-12-08T06:45:54.709244Z,price_change,0.7900,BUY,-406,,
2025-12-08T06:46:08.15503Z,price_change,0.7900,BUY,406,,
2025-12-08T06:49:00.120261Z,price_change,0.7900,BUY,-406,,
2025-12-08T06:49:00.706694Z,price_change,0.7900,BUY,406,,
2025-12-08T06:49:28.076906Z,price_change,0.7900,BUY,-406,,
2025-12-08T06:49:49.685016Z,price_change,0.7900,BUY,406,,
2025-12-08T06:52:11.236724Z,price_change,0.7900,BUY,-406,,
2025-12-08T06:52:19.01427Z,price_change,0.7900,BUY,406,,
2025-12-08T06:55:19.425599Z,price_change,0.7900,BUY,127,,
2025-12-08T06:58:21.612788Z,price_change,0.7900,BUY,-406,,
2025-12-08T06:58:38.464992Z,price_change,0.7900,BUY,406,,
2025-12-08T07:06:52.637287Z,price_change,0.7900,BUY,-406,,
2025-12-08T07:07:05.028726Z,price_change,0.7900,BUY,406,,
2025-12-08T07:09:25.693881Z,price_change,0.3300,BUY,-6,,
2025-12-08T07:09:25.724791Z,price_change,0.3300,BUY,6,,
2025-12-08T07:14:19.346821Z,price_change,0.7900,BUY,-406,,
2025-12-08T07:14:33.528364Z,price_change,0.7900,BUY,406,,
2025-12-08T07:16:21.566818Z,price_change,0.7900,BUY,-406,,
2025-12-08T07:16:27.266044Z,price_change,0.7900,BUY,406,,
2025-12-08T07:29:55.501812Z,price_change,0.7900,BUY,-406,,
2025-12-08T07:30:10.104841Z,price_change,0.7900,BUY,406,,
2025-12-08T07:33:20.935666Z,price_change,0.7900,BUY,-406,,
2025-12-08T07:33:24.891546Z,price_change,0.7900,BUY,406,,
2025-12-08T07:38:46.971702Z,price_change,0.7900,BUY,-406,,
2025-12-08T07:38:47.883345Z,price_change,0.8100,BUY,406,,
2025-12-08T07:39:04.813042Z,price_change,0.7900,BUY,406,,
2025-12-08T07:46:33.430737Z,price_change,0.7900,BUY,-406,,
2025-12-08T07:46:51.361678Z,price_change,0.7900,BUY,406,,
2025-12-08T07:58:25.240097Z,price_change,0.3300,BUY,-6,,
2025-12-08T07:58:25.269817Z,price_change,0.3300,BUY,6,,
2025-12-08T08:00:21.856883Z,price_change,0.7900,BUY,-406,,
2025-12-08T08:00:32.777925Z,price_change,0.7900,BUY,406,,
2025-12-08T08:01:59.782255Z,price_change,0.7900,BUY,-406,,
2025-12-08T08:02:17.657943Z,price_change,0.7900,BUY,406,,
2025-12-08T08:05:32.798553Z,price_change,0.8100,BUY,-406,,
2025-12-08T08:06:25.707122Z,price_change,0.7900,BUY,-406,,
2025-12-08T08:11:45.632313Z,price_change,0.7900,BUY,406,,
2025-12-08T08:14:04.478399Z,price_change,0.7900,BUY,-406,,
2025-12-08T08:14:26.555932Z,price_change,0.7900,BUY,406,,
2025-12-08T08:15:25.906452Z,price_change,0.4500,BUY,-620,,
2025-12-08T08:15:26.195735Z,price_change,0.4500,BUY,616,,
2025-12-08T08:25:29.545157Z,price_change,0.7900,BUY,416,,
2025-12-08T08:25:29.549773Z,price_change,0.7900,BUY,-406,,
2025-12-08T08:32:47.471203Z,price_change,0.7900,BUY,406,,
2025-12-08T08:32:47.472846Z,price_change,0.7900,BUY,-416,,
2025-12-08T08:36:59.369984Z,price_change,0.8100,BUY,9,,
2025-12-08T08:37:59.177798Z,price_change,0.7900,BUY,-406,,
2025-12-08T08:38:14.099403Z,price_change,0.8100,BUY,-9,,
2025-12-08T08:38:19.688764Z,price_change,0.7900,BUY,406,,
2025-12-08T08:38:46.761835Z,price_change,0.7900,BUY,-406,,
2025-12-08T08:38:52.194102Z,price_change,0.7900,BUY,406,,
2025-12-08T08:39:04.817171Z,price_change,0.7900,BUY,-406,,
2025-12-08T08:39:21.04141Z,price_change,0.7900,BUY,406,,
2025-12-08T08:40:12.142244Z,price_change,0.7900,BUY,-406,,
2025-12-08T08:40:22.680872Z,price_change,0.7900,BUY,406,,
2025-12-08T08:40:41.685382Z,price_change,0.7900,BUY,-406,,
2025-12-08T08:40:52.320467Z,price_change,0.7900,BUY,406,,
2025-12-08T08:42:14.335202Z,price_change,0.7900,BUY,-406,,
2025-12-08T08:42:27.874042Z,price_change,0.7900,BUY,406,,
2025-12-08T08:43:15.313547Z,price_change,0.7900,BUY,-406,,
2025-12-08T08:43:31.597034Z,price_change,0.7900,BUY,406,,
2025-12-08T08:46:01.914944Z,price_change,0.3300,BUY,-6,,
2025-12-08T08:46:01.944821Z,price_change,0.3300,BUY,6,,
2025-12-08T08:51:09.641001Z,price_change,0.7900,BUY,-406,,
2025-12-08T08:51:15.048264Z,price_change,0.7900,BUY,406,,
2025-12-08T08:53:19.534291Z,price_change,0.7900,BUY,-406,,
2025-12-08T08:53:53.204074Z,price_change,0.7900,BUY,406,,
2025-12-08T08:57:40.031217Z,price_change,0.8100,BUY,-24,,
2025-12-08T08:57:40.245455Z,price_change,0.3300,BUY,-6,,
2025-12-08T08:57:40.299135Z,price_change,0.3300,BUY,6,,
2025-12-08T09:10:30.73208Z,price_change,0.7900,BUY,-406,,
