timestamp,event_type,price,side,size,best_bid,best_ask
,book,0.2200,BUY,30,0.2200,0.7200
,book,0.7200,SELL,842,0.2200,0.7200
2025-12-13T17:11:30.721254Z,price_change,0.1200,BUY,-500,0.22,0.72
,book,0.2200,BUY,30,0.2200,0.7200
,book,0.7200,SELL,842,0.2200,0.7200
2025-12-13T17:23:59.090287Z,price_change,0.2600,SELL,-858,0.22,0.99
2025-12-13T17:23:59.148227Z,price_change,0.0400,BUY,-759,0.22,0.99
2025-12-13T17:23:59.325938Z,price_change,0.0400,BUY,769,0.22,0.99
2025-12-13T17:23:59.382379Z,price_change,0.2600,SELL,862,0.22,0.99
,book,0.2400,BUY,10,0.2400,0.28
,book,0.28,SELL,762,0.2400,0.28
2025-12-13T20:10:55.052521Z,price_change,0.24,BUY,-10,0.23,0.28
2025-12-13T20:10:55.34102Z,price_change,0.24,BUY,10,0.24,0.28
2025-12-13T20:11:14.916662Z,price_change,0.24,BUY,-10,0.23,0.28
2025-12-13T20:11:15.196534Z,price_change,0.24,BUY,10,0.24,0.28
,book,0.2400,BUY,10,0.2400,0.28
,book,0.28,SELL,762,0.2400,0.28
2025-12-13T20:12:13.810063Z,price_change,0.24,BUY,-10,0.23,0.28
2025-12-13T20:12:14.084691Z,price_change,0.24,BUY,10,0.24,0.28
2025-12-13T20:12:33.150256Z,price_change,0.24,BUY,-10,0.23,0.28
2025-12-13T20:12:33.426934Z,price_change,0.24,BUY,10,0.24,0.28
,book,0.3300,BUY,13,0.3300,0.34
,book,0.34,SELL,2712,0.3300,0.34
2025-12-25T06:10:06.708733Z,price_change,0.37,SELL,-33,0.33,0.34
2025-12-25T06:10:06.794267Z,price_change,0.3,BUY,-50,0.33,0.34
2025-12-25T06:10:06.880204Z,price_change,0.37,SELL,-33,0.33,0.34
2025-12-25T06:10:06.964935Z,price_change,0.3,BUY,-50,0.33,0.34
2025-12-25T06:10:07.050859Z,price_change,0.37,SELL,-32,0.33,0.34
2025-12-25T06:10:07.136566Z,price_change,0.3,BUY,-50,0.33,0.34
2025-12-25T06:10:07.366244Z,price_change,0.3,BUY,50,0.33,0.34
2025-12-25T06:10:07.367365Z,price_change,0.37,SELL,33,0.33,0.34
2025-12-25T06:10:07.377665Z,price_change,0.3,BUY,50,0.33,0.34
2025-12-25T06:10:07.378875Z,price_change,0.37,SELL,32,0.33,0.34
2025-12-25T06:10:07.38101Z,price_change,0.3,BUY,50,0.33,0.34
2025-12-25T06:10:07.382286Z,price_change,0.37,SELL,33,0.33,0.34
2025-12-25T06:29:17.283325Z,price_change,0.37,SELL,-33,0.33,0.34
2025-12-25T06:29:17.372808Z,price_change,0.3,BUY,-50,0.33,0.34
2025-12-25T06:29:17.465445Z,price_change,0.37,SELL,-32,0.33,0.34
2025-12-25T06:29:17.557031Z,price_change,0.3,BUY,-50,0.33,0.34
2025-12-25T06:29:17.648652Z,price_change,0.37,SELL,-33,0.33,0.34
2025-12-25T06:29:17.736367Z,price_change,0.3,BUY,-50,0.33,0.34
2025-12-25T06:29:17.949936Z,price_change,0.3,BUY,50,0.33,0.34
2025-12-25T06:29:17.951247Z,price_change,0.37,SELL,33,0.33,0.34
2025-12-25T06:29:17.973377Z,price_change,0.3,BUY,50,0.33,0.34
2025-12-25T06:29:17.974446Z,price_change,0.37,SELL,32,0.33,0.34
2025-12-25T06:29:18.074636Z,price_change,0.3,BUY,50,0.33,0.34
2025-12-25T06:29:18.075518Z,price_change,0.37,SELL,33,0.33,0.34
,book,0.3300,BUY,160,0.3300,0.34
,book,0.34,SELL,2657,0.3300,0.34
,book,0.3300,BUY,160,0.3300,0.34
,book,0.34,SELL,2657,0.3300,0.34
,book,0.3300,BUY,254,0.3300,0.34
,book,0.34,SELL,2413,0.3300,0.34
,book,0.0700,BUY,228,0.0700,0.08
,book,0.08,SELL,826,0.0700,0.08
2026-01-03T20:05:45.667499Z,price_change,0.12,SELL,925,0.07,0.08
2026-01-03T20:05:45.67351Z,price_change,0.12,SELL,-535,0.07,0.08
,book,0.0700,BUY,209,0.0700,0.08
,book,0.08,SELL,826,0.0700,0.08
2026-01-03T20:14:44.321416Z,price_change,0.12,SELL,1016,0.07,0.08
2026-01-03T20:14:44.323199Z,price_change,0.12,SELL,-984,0.07,0.08
2026-01-03T20:14:54.983943Z,price_change,0.07,BUY,-209,0.06,0.08
2026-01-03T20:14:54.983943Z,price_change,0.12,SELL,-1016,0.06,0.08
2026-01-03T20:14:55.485598Z,price_change,0.04,BUY,-400,0.06,0.08
2026-01-03T20:14:55.665436Z,price_change,0.03,BUY,100,0.06,0.08
2026-01-03T20:14:55.771363Z,price_change,0.04,BUY,400,0.06,0.08
2026-01-03T20:14:56.160399Z,price_change,0.03,BUY,-100,0.06,0.08
2026-01-03T20:15:11.66893Z,price_change,0.07,BUY,209,0.07,0.08
2026-01-03T20:15:11.669738Z,price_change,0.12,SELL,577,0.07,0.08
2026-01-03T20:15:12.056212Z,price_change,0.04,BUY,-400,0.07,0.08
2026-01-03T20:15:15.09552Z,price_change,0.04,BUY,400,0.07,0.08
2026-01-03T20:15:34.491671Z,price_change,0.07,BUY,-209,0.06,0.08
2026-01-03T20:15:34.491671Z,price_change,0.12,SELL,-577,0.06,0.08
2026-01-03T20:15:35.086478Z,price_change,0.04,BUY,-400,0.06,0.08
2026-01-03T20:15:35.27437Z,price_change,0.03,BUY,100,0.06,0.08
2026-01-03T20:15:36.439937Z,price_change,0.10999999999999999,SELL,500,0.06,0.08
2026-01-03T20:15:36.605906Z,price_change,0.10999999999999999,SELL,-500,0.06,0.08
2026-01-03T20:15:37.533923Z,price_change,0.10999999999999999,SELL,500,0.06,0.08
2026-01-03T20:15:44.353807Z,price_change,0.10999999999999999,SELL,-500,0.06,0.08
2026-01-03T20:15:50.212528Z,price_change,0.07,BUY,209,0.07,0.08
2026-01-03T20:15:50.214063Z,price_change,0.12,SELL,967,0.07,0.08
2026-01-03T20:15:50.572508Z,price_change,0.10999999999999999,SELL,1000,0.07,0.08
2026-01-03T20:15:50.753726Z,price_change,0.03,BUY,-100,0.07,0.08
2026-01-03T20:15:53.914632Z,price_change,0.07,BUY,-209,0.06,0.08
2026-01-03T20:15:53.914632Z,price_change,0.12,SELL,-967,0.06,0.08
2026-01-03T20:15:54.365239Z,price_change,0.10999999999999999,SELL,-1000,0.06,0.08
2026-01-03T20:15:54.373959Z,price_change,0.03,BUY,100,0.06,0.08
2026-01-03T20:15:55.096975Z,price_change,0.10999999999999999,SELL,500,0.06,0.08
2026-01-03T20:15:55.960693Z,price_change,0.10999999999999999,SELL,-500,0.06,0.08
2026-01-03T20:15:56.036004Z,price_change,0.10999999999999999,SELL,500,0.06,0.08
2026-01-03T20:15:56.45898Z,price_change,0.10999999999999999,SELL,500,0.06,0.08
2026-01-03T20:15:56.848046Z,price_change,0.03,BUY,-100,0.06,0.08
2026-01-03T20:15:57.042023Z,price_change,0.04,BUY,400,0.06,0.08
2026-01-03T20:15:57.21839Z,price_change,0.03,BUY,100,0.06,0.08
2026-01-03T20:15:57.398977Z,price_change,0.04,BUY,-400,0.06,0.08
2026-01-03T20:15:58.006216Z,price_change,0.10999999999999999,SELL,-500,0.06,0.08
2026-01-03T20:15:58.00826Z,price_change,0.10999999999999999,SELL,-500,0.06,0.08
2026-01-03T20:15:58.79262Z,price_change,0.10999999999999999,SELL,1000,0.06,0.08
2026-01-03T20:15:59.698744Z,price_change,0.10999999999999999,SELL,-1000,0.06,0.08
2026-01-03T20:16:00.252473Z,price_change,0.03,BUY,-100,0.06,0.08
2026-01-03T20:16:00.40979Z,price_change,0.10999999999999999,SELL,1000,0.06,0.08
2026-01-03T20:16:00.412128Z,price_change,0.04,BUY,400,0.06,0.08
2026-01-03T20:16:01.17474Z,price_change,0.10999999999999999,SELL,-1000,0.06,0.08
2026-01-03T20:16:10.567931Z,price_change,0.07,BUY,209,0.07,0.08
2026-01-03T20:16:10.569779Z,price_change,0.12,SELL,967,0.07,0.08
2026-01-03T20:16:10.88586Z,price_change,0.10999999999999999,SELL,1000,0.07,0.08
2026-01-03T20:16:10.891952Z,price_change,0.04,BUY,-400,0.07,0.08
2026-01-03T20:16:14.606918Z,price_change,0.04,BUY,400,0.07,0.08
2026-01-03T20:16:14.728172Z,price_change,0.10999999999999999,SELL,-1000,0.07,0.08
2026-01-03T20:16:15.081658Z,price_change,0.10999999999999999,SELL,1000,0.07,0.08
2026-01-03T20:16:16.66248Z,price_change,0.12,SELL,1016,0.07,0.08
2026-01-03T20:16:16.663286Z,price_change,0.12,SELL,-967,0.07,0.08
2026-01-03T20:16:32.632552Z,price_change,0.07,BUY,-209,0.06,0.08
2026-01-03T20:16:32.632552Z,price_change,0.12,SELL,-1016,0.06,0.08
2026-01-03T20:16:32.976982Z,price_change,0.10999999999999999,SELL,-1000,0.06,0.08
2026-01-03T20:16:33.186815Z,price_change,0.04,BUY,-400,0.06,0.08
2026-01-03T20:16:33.201545Z,price_change,0.03,BUY,100,0.06,0.08
2026-01-03T20:16:33.202897Z,price_change,0.10999999999999999,SELL,500,0.06,0.08
2026-01-03T20:16:34.384143Z,price_change,0.04,BUY,400,0.06,0.08
2026-01-03T20:16:34.567992Z,price_change,0.03,BUY,-100,0.06,0.08
2026-01-03T20:16:43.552025Z,price_change,0.10999999999999999,SELL,-500,0.06,0.08
2026-01-03T20:16:43.653971Z,price_change,0.03,BUY,100,0.06,0.08
2026-01-03T20:16:43.662418Z,price_change,0.04,BUY,-400,0.06,0.08
2026-01-03T20:16:43.976138Z,price_change,0.10999999999999999,SELL,500,0.06,0.08
2026-01-03T20:16:44.466848Z,price_change,0.10999999999999999,SELL,-500,0.06,0.08
2026-01-03T20:16:44.816954Z,price_change,0.03,BUY,-100,0.06,0.08
2026-01-03T20:16:44.827662Z,price_change,0.04,BUY,400,0.06,0.08
2026-01-03T20:16:49.520772Z,price_change,0.07,BUY,209,0.07,0.08
2026-01-03T20:16:49.522758Z,price_change,0.12,SELL,1016,0.07,0.08
2026-01-03T20:16:50.05857Z,price_change,0.04,BUY,-400,0.07,0.08
2026-01-03T20:16:56.22171Z,price_change,0.04,BUY,-100,0.07,0.08
2026-01-03T20:16:58.352195Z,price_change,0.07,BUY,-209,0.06,0.08
2026-01-03T20:16:58.352195Z,price_change,0.12,SELL,-1016,0.06,0.08
2026-01-03T20:16:59.578786Z,price_change,0.03,BUY,100,0.06,0.08
2026-01-03T20:16:59.579601Z,price_change,0.10999999999999999,SELL,500,0.06,0.08
2026-01-03T20:17:08.044165Z,price_change,0.07,BUY,209,0.07,0.08
2026-01-03T20:17:08.04552Z,price_change,0.12,SELL,577,0.07,0.08
2026-01-03T20:17:08.964356Z,price_change,0.07,BUY,-209,0.06,0.08
2026-01-03T20:17:08.964356Z,price_change,0.12,SELL,-577,0.06,0.08
2026-01-03T20:17:09.017669Z,price_change,0.03,BUY,-100,0.06,0.08
2026-01-03T20:17:14.229189Z,price_change,0.10999999999999999,SELL,-500,0.06,0.08
2026-01-03T20:17:16.043463Z,price_change,0.10999999999999999,SELL,500,0.06,0.08
2026-01-03T20:17:18.089357Z,price_change,0.10999999999999999,SELL,-500,0.06,0.08
2026-01-03T20:17:22.911131Z,price_change,0.07,BUY,209,0.07,0.08
2026-01-03T20:17:22.912813Z,price_change,0.12,SELL,967,0.07,0.08
2026-01-03T20:17:23.649058Z,price_change,0.10999999999999999,SELL,1000,0.07,0.08
2026-01-03T20:17:28.467757Z,price_change,0.10999999999999999,SELL,-1000,0.07,0.08
,book,0.0700,BUY,209,0.0700,0.08
,book,0.08,SELL,826,0.0700,0.08
2026-01-03T20:17:44.72197Z,price_change,0.12,SELL,1016,0.07,0.08
2026-01-03T20:17:44.729434Z,price_change,0.12,SELL,-967,0.07,0.08
2026-01-03T20:17:45.14084Z,price_change,0.10999999999999999,SELL,1000,0.07,0.08
2026-01-03T20:18:45.845825Z,price_change,0.10999999999999999,SELL,-1000,0.07,0.08
2026-01-03T20:18:45.878324Z,price_change,0.09999999999999998,SELL,1000,0.07,0.08
2026-01-03T20:20:02.729859Z,price_change,0.10999999999999999,SELL,-1000,0.07,0.08
2026-01-03T20:20:03.490465Z,price_change,0.10999999999999999,SELL,1000,0.07,0.08
2026-01-03T20:20:03.626557Z,price_change,0.10999999999999999,SELL,-1000,0.07,0.08
2026-01-03T20:20:05.183671Z,price_change,0.10999999999999999,SELL,1000,0.07,0.08
2026-01-03T20:20:35.548476Z,price_change,0.07,BUY,-209,0.06,0.08
2026-01-03T20:20:35.548476Z,price_change,0.12,SELL,-1016,0.06,0.08
2026-01-03T20:20:35.833217Z,price_change,0.10999999999999999,SELL,-1000,0.06,0.08
2026-01-03T20:20:36.373358Z,price_change,0.10999999999999999,SELL,500,0.06,0.08
2026-01-03T20:20:43.858259Z,price_change,0.10999999999999999,SELL,-500,0.06,0.08
2026-01-03T20:20:44.37701Z,price_change,0.10999999999999999,SELL,500,0.06,0.08
2026-01-03T20:20:46.684338Z,price_change,0.10999999999999999,SELL,-500,0.06,0.08
2026-01-03T20:20:47.204401Z,price_change,0.09999999999999998,SELL,-1000,0.06,0.08
2026-01-03T20:20:47.224055Z,price_change,0.10999999999999999,SELL,1000,0.06,0.08
2026-01-03T20:20:47.404306Z,price_change,0.10999999999999999,SELL,1000,0.06,0.08
2026-01-03T20:20:49.059403Z,price_change,0.10999999999999999,SELL,-1000,0.06,0.08
2026-01-03T20:20:49.554766Z,price_change,0.10999999999999999,SELL,1000,0.06,0.08
2026-01-03T20:20:49.690471Z,price_change,0.10999999999999999,SELL,-1000,0.06,0.08
2026-01-03T20:20:50.510914Z,price_change,0.10999999999999999,SELL,1000,0.06,0.08
2026-01-03T20:20:54.183386Z,price_change,0.07,BUY,209,0.07,0.08
2026-01-03T20:20:54.184824Z,price_change,0.12,SELL,967,0.07,0.08
,book,0.0700,BUY,209,0.0700,0.08
,book,0.08,SELL,826,0.0700,0.08
2026-01-03T20:21:35.949633Z,price_change,0.10999999999999999,SELL,-1000,0.07,0.08
2026-01-03T20:21:36.849246Z,price_change,0.12,SELL,1045,0.07,0.08
2026-01-03T20:21:36.851232Z,price_change,0.12,SELL,-967,0.07,0.08
2026-01-03T20:22:06.550306Z,price_change,0.10999999999999999,SELL,1000,0.07,0.08
2026-01-03T20:22:14.084527Z,price_change,0.12,SELL,-1045,0.07,0.08
2026-01-03T20:22:14.086111Z,price_change,0.12,SELL,1035,0.07,0.08
2026-01-03T20:22:14.212349Z,price_change,0.12,SELL,-1035,0.07,0.08
2026-01-03T20:22:14.30221Z,price_change,0.10999999999999999,SELL,-1000,0.07,0.08
2026-01-03T20:22:14.391782Z,price_change,0.12,SELL,1045,0.07,0.08
2026-01-03T20:22:24.33232Z,price_change,0.10999999999999999,SELL,1000,0.07,0.08
2026-01-03T20:22:26.364129Z,price_change,0.10999999999999999,SELL,-1000,0.07,0.08
2026-01-03T20:22:30.297497Z,price_change,0.07,BUY,-29,0.07,0.08
2026-01-03T20:22:30.297497Z,price_change,0.07,BUY,-180,0.06,0.08
2026-01-03T20:22:30.297497Z,price_change,0.12,SELL,-1045,0.06,0.08
2026-01-03T20:22:31.054285Z,price_change,0.10999999999999999,SELL,500,0.06,0.08
2026-01-03T20:22:35.940933Z,price_change,0.10999999999999999,SELL,-500,0.06,0.08
2026-01-03T20:22:36.107064Z,price_change,0.10999999999999999,SELL,500,0.06,0.08
2026-01-03T20:22:36.3128Z,price_change,0.10999999999999999,SELL,-500,0.06,0.08
2026-01-03T20:22:36.645609Z,price_change,0.10999999999999999,SELL,500,0.06,0.08
2026-01-03T20:22:36.978689Z,price_change,0.10999999999999999,SELL,-500,0.06,0.08
2026-01-03T20:22:37.658755Z,price_change,0.10999999999999999,SELL,500,0.06,0.08
2026-01-03T20:22:44.719987Z,price_change,0.10999999999999999,SELL,-500,0.06,0.08
2026-01-03T20:22:45.348808Z,price_change,0.10999999999999999,SELL,1000,0.06,0.08
2026-01-03T20:22:47.047315Z,price_change,0.10999999999999999,SELL,-1000,0.06,0.08
2026-01-03T20:22:47.386843Z,price_change,0.10999999999999999,SELL,1000,0.06,0.08
2026-01-03T20:22:47.978542Z,price_change,0.10999999999999999,SELL,-1000,0.06,0.08
2026-01-03T20:22:48.013169Z,price_change,0.09999999999999998,SELL,1000,0.06,0.08
2026-01-03T20:22:48.579688Z,price_change,0.10999999999999999,SELL,-1000,0.06,0.08
2026-01-03T20:22:48.926302Z,price_change,0.10999999999999999,SELL,1000,0.06,0.08
2026-01-03T20:22:49.240045Z,price_change,0.10999999999999999,SELL,-1000,0.06,0.08
2026-01-03T20:22:49.586133Z,price_change,0.10999999999999999,SELL,1000,0.06,0.08
2026-01-03T20:22:51.071902Z,price_change,0.10999999999999999,SELL,-1000,0.06,0.08
2026-01-03T20:22:51.458035Z,price_change,0.10999999999999999,SELL,1000,0.06,0.08
2026-01-03T20:22:52.340542Z,price_change,0.07,BUY,180,0.07,0.08
2026-01-03T20:22:52.342359Z,price_change,0.12,SELL,960,0.07,0.08
2026-01-03T20:22:54.847934Z,price_change,0.10999999999999999,SELL,-1000,0.07,0.08
2026-01-03T20:22:55.02877Z,price_change,0.10999999999999999,SELL,1000,0.07,0.08
2026-01-03T20:22:56.547255Z,price_change,0.10999999999999999,SELL,-1000,0.07,0.08
2026-01-03T20:22:57.064449Z,price_change,0.10999999999999999,SELL,1000,0.07,0.08
2026-01-03T20:23:06.356243Z,price_change,0.12,SELL,1009,0.07,0.08
2026-01-03T20:23:06.548418Z,price_change,0.12,SELL,-960,0.07,0.08
2026-01-03T20:23:06.549265Z,price_change,0.10999999999999999,SELL,-1000,0.07,0.08
2026-01-03T20:23:06.906371Z,price_change,0.10999999999999999,SELL,1000,0.07,0.08
2026-01-03T20:23:27.912762Z,price_change,0.10999999999999999,SELL,-1000,0.07,0.08
2026-01-03T20:23:28.208011Z,price_change,0.10999999999999999,SELL,1000,0.07,0.08
2026-01-03T20:23:29.328125Z,price_change,0.10999999999999999,SELL,-1000,0.07,0.08
2026-01-03T20:23:29.978882Z,price_change,0.10999999999999999,SELL,1000,0.07,0.08
2026-01-03T20:23:37.417837Z,price_change,0.10999999999999999,SELL,-1000,0.07,0.08
2026-01-03T20:23:38.021766Z,price_change,0.10999999999999999,SELL,1000,0.07,0.08
2026-01-03T20:23:50.843473Z,price_change,0.10999999999999999,SELL,-1000,0.07,0.08
2026-01-03T20:23:51.12762Z,price_change,0.10999999999999999,SELL,1000,0.07,0.08
2026-01-03T20:23:51.449411Z,price_change,0.10999999999999999,SELL,-1000,0.07,0.08
2026-01-03T20:23:51.715604Z,price_change,0.10999999999999999,SELL,1000,0.07,0.08
2026-01-03T20:23:54.236244Z,price_change,0.10999999999999999,SELL,-1000,0.07,0.08
2026-01-03T20:23:55.336176Z,price_change,0.10999999999999999,SELL,1000,0.07,0.08
2026-01-03T20:24:35.553513Z,price_change,0.10999999999999999,SELL,-1000,0.07,0.08
2026-01-03T20:24:51.267556Z,price_change,0.09999999999999998,SELL,-1000,0.07,0.08
2026-01-03T20:24:51.296682Z,price_change,0.10999999999999999,SELL,1000,0.07,0.08
2026-01-03T20:24:51.91106Z,price_change,0.10999999999999999,SELL,1000,0.07,0.08
2026-01-03T20:25:31.540959Z,price_change,0.10999999999999999,SELL,-1000,0.07,0.08
2026-01-03T20:25:32.172342Z,price_change,0.10999999999999999,SELL,1000,0.07,0.08
2026-01-03T20:25:44.20107Z,price_change,0.10999999999999999,SELL,-1000,0.07,0.08
2026-01-03T20:25:44.329584Z,price_change,0.12,SELL,1029,0.07,0.08
2026-01-03T20:25:44.519161Z,price_change,0.12,SELL,-1009,0.07,0.08
2026-01-03T20:25:45.088651Z,price_change,0.10999999999999999,SELL,1000,0.07,0.08
2026-01-03T20:25:47.890772Z,price_change,0.10999999999999999,SELL,-1000,0.07,0.08
2026-01-03T20:25:47.995563Z,price_change,0.09999999999999998,SELL,1000,0.07,0.08
2026-01-03T20:25:49.246796Z,price_change,0.10999999999999999,SELL,-1000,0.07,0.08
2026-01-03T20:25:50.012144Z,price_change,0.10999999999999999,SELL,500,0.07,0.08
2026-01-03T20:25:53.631764Z,price_change,0.10999999999999999,SELL,-500,0.07,0.08
2026-01-03T20:25:54.615525Z,price_change,0.10999999999999999,SELL,500,0.07,0.08
2026-01-03T20:25:55.423061Z,price_change,0.10999999999999999,SELL,-500,0.07,0.08
2026-01-03T20:25:56.04369Z,price_change,0.10999999999999999,SELL,500,0.07,0.08
2026-01-03T20:25:56.565413Z,price_change,0.10999999999999999,SELL,-500,0.07,0.08
2026-01-03T20:25:56.875331Z,price_change,0.10999999999999999,SELL,500,0.07,0.08
2026-01-03T20:26:11.404533Z,price_change,0.10999999999999999,SELL,-500,0.07,0.08
2026-01-03T20:26:11.729375Z,price_change,0.10999999999999999,SELL,500,0.07,0.08
2026-01-03T20:26:19.445603Z,price_change,0.10999999999999999,SELL,-500,0.07,0.08
2026-01-03T20:26:19.840983Z,price_change,0.10999999999999999,SELL,1000,0.07,0.08
2026-01-03T20:27:43.475076Z,price_change,0.10999999999999999,SELL,-1000,0.07,0.08
2026-01-03T20:27:43.712257Z,price_change,0.10999999999999999,SELL,1000,0.07,0.08
2026-01-03T20:28:07.960987Z,price_change,0.10999999999999999,SELL,-1000,0.07,0.08
2026-01-03T20:28:08.386307Z,price_change,0.10999999999999999,SELL,1000,0.07,0.08
2026-01-03T20:28:08.708935Z,price_change,0.10999999999999999,SELL,-1000,0.07,0.08
2026-01-03T20:28:09.214618Z,price_change,0.10999999999999999,SELL,1000,0.07,0.08
2026-01-03T20:28:11.212447Z,price_change,0.07,BUY,-180,0.06,0.08
2026-01-03T20:28:11.213737Z,price_change,0.12,SELL,-1029,0.06,0.08
2026-01-03T20:28:11.244412Z,price_change,0.10999999999999999,SELL,-1000,0.06,0.08
2026-01-03T20:28:11.823738Z,price_change,0.10999999999999999,SELL,500,0.06,0.08
2026-01-03T20:28:12.765308Z,price_change,0.07,BUY,180,0.07,0.08
2026-01-03T20:28:12.766512Z,price_change,0.12,SELL,590,0.07,0.08
2026-01-03T20:28:13.496637Z,price_change,0.10999999999999999,SELL,-500,0.07,0.08
2026-01-03T20:28:14.08412Z,price_change,0.10999999999999999,SELL,500,0.07,0.08
2026-01-03T20:28:14.225257Z,price_change,0.10999999999999999,SELL,-500,0.07,0.08
2026-01-03T20:28:14.739772Z,price_change,0.10999999999999999,SELL,500,0.07,0.08
2026-01-03T20:28:18.813671Z,price_change,0.10999999999999999,SELL,-500,0.07,0.08
2026-01-03T20:28:19.558006Z,price_change,0.10999999999999999,SELL,500,0.07,0.08
2026-01-03T20:28:19.691342Z,price_change,0.10999999999999999,SELL,-500,0.07,0.08
2026-01-03T20:28:19.76436Z,price_change,0.10999999999999999,SELL,500,0.07,0.08
2026-01-03T20:28:20.182318Z,price_change,0.10999999999999999,SELL,500,0.07,0.08
2026-01-03T20:28:21.243947Z,price_change,0.10999999999999999,SELL,-500,0.07,0.08
2026-01-03T20:28:21.245106Z,price_change,0.10999999999999999,SELL,-500,0.07,0.08
2026-01-03T20:28:21.659504Z,price_change,0.10999999999999999,SELL,500,0.07,0.08
2026-01-03T20:28:26.860893Z,price_change,0.12,SELL,955,0.07,0.08
2026-01-03T20:28:26.863653Z,price_change,0.12,SELL,-590,0.07,0.08
2026-01-03T20:28:41.687354Z,price_change,0.10999999999999999,SELL,-500,0.07,0.08
2026-01-03T20:28:41.898655Z,price_change,0.10999999999999999,SELL,500,0.07,0.08
2026-01-03T20:28:42.016118Z,price_change,0.12,SELL,-955,0.07,0.08
2026-01-03T20:28:42.01844Z,price_change,0.12,SELL,1004,0.07,0.08
2026-01-03T20:28:42.032923Z,price_change,0.10999999999999999,SELL,-500,0.07,0.08
2026-01-03T20:28:42.519172Z,price_change,0.10999999999999999,SELL,500,0.07,0.08
2026-01-03T20:28:48.290303Z,price_change,0.09999999999999998,SELL,-1000,0.07,0.08
2026-01-03T20:28:48.344382Z,price_change,0.10999999999999999,SELL,1000,0.07,0.08
2026-01-03T20:29:02.740158Z,price_change,0.07,BUY,-180,0.06,0.08
2026-01-03T20:29:02.740158Z,price_change,0.12,SELL,-1004,0.06,0.08
2026-01-03T20:29:03.003049Z,price_change,0.10999999999999999,SELL,-500,0.06,0.08
2026-01-03T20:29:03.500155Z,price_change,0.10999999999999999,SELL,500,0.06,0.08
2026-01-03T20:29:07.369075Z,price_change,0.07,BUY,180,0.07,0.08
2026-01-03T20:29:07.370821Z,price_change,0.12,SELL,555,0.07,0.08
2026-01-03T20:29:11.45685Z,price_change,0.10999999999999999,SELL,-500,0.07,0.08
2026-01-03T20:29:11.911856Z,price_change,0.10999999999999999,SELL,500,0.07,0.08
,book,0.0700,BUY,180,0.0700,0.08
,book,0.08,SELL,826,0.0700,0.08
2026-01-03T20:29:22.237543Z,price_change,0.12,SELL,955,0.07,0.08
2026-01-03T20:29:22.424012Z,price_change,0.12,SELL,-555,0.07,0.08
2026-01-03T20:29:22.545212Z,price_change,0.10999999999999999,SELL,500,0.07,0.08
2026-01-03T20:29:41.373223Z,price_change,0.12,SELL,1004,0.07,0.08
2026-01-03T20:29:41.481521Z,price_change,0.10999999999999999,SELL,-500,0.07,0.08
2026-01-03T20:29:41.56272Z,price_change,0.12,SELL,-955,0.07,0.08
2026-01-03T20:29:41.774815Z,price_change,0.10999999999999999,SELL,500,0.07,0.08
2026-01-03T20:29:54.047547Z,price_change,0.10999999999999999,SELL,-500,0.07,0.08
2026-01-03T20:29:54.723776Z,price_change,0.10999999999999999,SELL,500,0.07,0.08
2026-01-03T20:29:58.981626Z,price_change,0.10999999999999999,SELL,-500,0.07,0.08
2026-01-03T20:29:59.458905Z,price_change,0.10999999999999999,SELL,500,0.07,0.08
,book,0.0700,BUY,180,0.0700,0.08
,book,0.08,SELL,826,0.0700,0.08
2026-01-03T20:30:11.26107Z,price_change,0.10999999999999999,SELL,-500,0.07,0.08
2026-01-03T20:30:11.425843Z,price_change,0.10999999999999999,SELL,500,0.07,0.08
2026-01-03T20:30:13.527984Z,price_change,0.07,BUY,-180,0.06,0.08
2026-01-03T20:30:13.527984Z,price_change,0.12,SELL,-1004,0.06,0.08
2026-01-03T20:30:13.830036Z,price_change,0.10999999999999999,SELL,-500,0.06,0.08
2026-01-03T20:30:14.075765Z,price_change,0.10999999999999999,SELL,500,0.06,0.08
2026-01-03T20:30:14.212603Z,price_change,0.10999999999999999,SELL,-500,0.06,0.08
2026-01-03T20:30:14.537444Z,price_change,0.10999999999999999,SELL,500,0.06,0.08
2026-01-03T20:30:23.473243Z,price_change,0.10999999999999999,SELL,-500,0.06,0.08
2026-01-03T20:30:24.704032Z,price_change,0.10999999999999999,SELL,1000,0.06,0.08
2026-01-03T20:30:25.834346Z,price_change,0.10999999999999999,SELL,-1000,0.06,0.08
2026-01-03T20:30:26.004036Z,price_change,0.10999999999999999,SELL,2000,0.06,0.08
2026-01-03T20:30:26.689691Z,price_change,0.10999999999999999,SELL,500,0.06,0.08
2026-01-03T20:30:26.724215Z,price_change,0.10999999999999999,SELL,-2000,0.06,0.08
2026-01-03T20:30:30.957075Z,price_change,0.07,BUY,180,0.07,0.08
2026-01-03T20:30:30.957982Z,price_change,0.12,SELL,955,0.07,0.08
2026-01-03T20:30:35.951538Z,price_change,0.07,BUY,-180,0.06,0.08
2026-01-03T20:30:35.951538Z,price_change,0.12,SELL,-955,0.06,0.08
2026-01-03T20:30:36.367066Z,price_change,0.10999999999999999,SELL,-500,0.06,0.08
2026-01-03T20:30:37.204979Z,price_change,0.10999999999999999,SELL,500,0.06,0.08
2026-01-03T20:30:41.271352Z,price_change,0.10999999999999999,SELL,-500,0.06,0.08
2026-01-03T20:30:41.995857Z,price_change,0.10999999999999999,SELL,500,0.06,0.08
2026-01-03T20:30:42.63466Z,price_change,0.10999999999999999,SELL,-500,0.06,0.08
2026-01-03T20:30:43.462054Z,price_change,0.10999999999999999,SELL,500,0.06,0.08
2026-01-03T20:30:43.823047Z,price_change,0.10999999999999999,SELL,-500,0.06,0.08
2026-01-03T20:30:45.148906Z,price_change,0.10999999999999999,SELL,500,0.06,0.08
2026-01-03T20:30:46.330874Z,price_change,0.07,BUY,180,0.07,0.08
2026-01-03T20:30:46.332794Z,price_change,0.12,SELL,955,0.07,0.08
2026-01-03T20:31:12.130817Z,price_change,0.12,SELL,1004,0.07,0.08
2026-01-03T20:31:12.135483Z,price_change,0.12,SELL,-955,0.07,0.08
2026-01-03T20:31:12.147137Z,price_change,0.10999999999999999,SELL,-500,0.07,0.08
2026-01-03T20:31:12.328923Z,price_change,0.10999999999999999,SELL,500,0.07,0.08
,book,0.0700,BUY,180,0.0700,0.08
,book,0.08,SELL,1076,0.0700,0.08
2026-01-03T20:41:27.944888Z,price_change,0.07,BUY,-180,0.06,0.08
2026-01-03T20:41:27.946201Z,price_change,0.12,SELL,-1000,0.06,0.08
2026-01-03T20:41:28.073561Z,price_change,0.10999999999999999,SELL,-500,0.06,0.08
2026-01-03T20:41:28.075193Z,price_change,0.10999999999999999,SELL,-500,0.06,0.08
2026-01-03T20:41:29.124072Z,price_change,0.03,BUY,100,0.06,0.08
2026-01-03T20:41:29.125172Z,price_change,0.10999999999999999,SELL,500,0.06,0.08
2026-01-03T20:41:32.045024Z,price_change,0.10999999999999999,SELL,-500,0.06,0.08
2026-01-03T20:41:32.825859Z,price_change,0.10999999999999999,SELL,500,0.06,0.08
2026-01-03T20:41:34.205414Z,price_change,0.10999999999999999,SELL,-500,0.06,0.08
2026-01-03T20:41:34.444823Z,price_change,0.10999999999999999,SELL,1000,0.06,0.08
2026-01-03T20:41:35.112313Z,price_change,0.10999999999999999,SELL,-1000,0.06,0.08
2026-01-03T20:41:35.506046Z,price_change,0.10999999999999999,SELL,1000,0.06,0.08
2026-01-03T20:41:37.324417Z,price_change,0.10999999999999999,SELL,-1000,0.06,0.08
2026-01-03T20:41:37.461874Z,price_change,0.10999999999999999,SELL,500,0.06,0.08
2026-01-03T20:41:38.943669Z,price_change,0.10999999999999999,SELL,-500,0.06,0.08
2026-01-03T20:41:39.625651Z,price_change,0.10999999999999999,SELL,500,0.06,0.08
2026-01-03T20:41:39.62742Z,price_change,0.03,BUY,400,0.06,0.08
2026-01-03T20:41:39.653347Z,price_change,0.07,BUY,180,0.07,0.08
2026-01-03T20:41:39.654298Z,price_change,0.12,SELL,955,0.07,0.08
2026-01-03T20:41:40.378131Z,price_change,0.03,BUY,-100,0.07,0.08
2026-01-03T20:41:40.379672Z,price_change,0.03,BUY,-400,0.07,0.08
2026-01-03T20:41:54.812651Z,price_change,0.10999999999999999,SELL,-500,0.07,0.08
2026-01-03T20:41:55.287409Z,price_change,0.10999999999999999,SELL,500,0.07,0.08
2026-01-03T20:41:55.427309Z,price_change,0.10999999999999999,SELL,-500,0.07,0.08
2026-01-03T20:41:55.670308Z,price_change,0.10999999999999999,SELL,500,0.07,0.08
2026-01-03T20:41:58.463906Z,price_change,0.10999999999999999,SELL,-500,0.07,0.08
2026-01-03T20:41:59.006445Z,price_change,0.10999999999999999,SELL,1000,0.07,0.08
2026-01-03T20:41:59.131098Z,price_change,0.12,SELL,1000,0.07,0.08
2026-01-03T20:41:59.133319Z,price_change,0.12,SELL,-955,0.07,0.08
2026-01-03T20:43:20.39141Z,price_change,0.07,BUY,-180,0.06,0.08
2026-01-03T20:43:20.39141Z,price_change,0.12,SELL,-1000,0.06,0.08
2026-01-03T20:43:21.21663Z,price_change,0.10999999999999999,SELL,-1000,0.06,0.08
2026-01-03T20:43:21.836381Z,price_change,0.03,BUY,100,0.06,0.08
2026-01-03T20:43:37.707515Z,price_change,0.07,BUY,180,0.07,0.08
2026-01-03T20:43:37.70832Z,price_change,0.12,SELL,955,0.07,0.08
2026-01-03T20:43:38.790123Z,price_change,0.03,BUY,-100,0.07,0.08
2026-01-03T20:43:51.689364Z,price_change,0.12,SELL,-955,0.07,0.08
2026-01-03T20:43:51.868227Z,price_change,0.12,SELL,1000,0.07,0.08
2026-01-03T20:43:53.390263Z,price_change,0.09999999999999998,SELL,-1000,0.07,0.08
2026-01-03T20:43:53.415904Z,price_change,0.10999999999999999,SELL,1000,0.07,0.08
,book,0.0700,BUY,180,0.0700,0.08
,book,0.08,SELL,1076,0.0700,0.08
2026-01-03T20:44:38.117089Z,price_change,0.07,BUY,-180,0.06,0.08
2026-01-03T20:44:38.118Z,price_change,0.12,SELL,-1000,0.06,0.08
2026-01-03T20:44:38.49118Z,price_change,0.03,BUY,100,0.06,0.08
2026-01-03T20:44:44.79286Z,price_change,0.07,BUY,180,0.07,0.08
2026-01-03T20:44:44.793698Z,price_change,0.12,SELL,555,0.07,0.08
2026-01-03T20:44:45.597247Z,price_change,0.03,BUY,-100,0.07,0.08
2026-01-03T20:44:56.558168Z,price_change,0.12,SELL,1000,0.07,0.08
2026-01-03T20:44:56.563139Z,price_change,0.12,SELL,-555,0.07,0.08
,book,0.0700,BUY,182,0.0700,0.08
,book,0.08,SELL,1076,0.0700,0.08
2026-01-03T20:48:38.510613Z,price_change,0.12,SELL,1017,0.07,0.08
2026-01-03T20:48:38.513298Z,price_change,0.12,SELL,-942,0.07,0.08
2026-01-03T20:50:08.393646Z,price_change,0.07,BUY,-182,0.06,0.08
2026-01-03T20:50:08.395276Z,price_change,0.12,SELL,-1017,0.06,0.08
2026-01-03T20:50:16.091894Z,price_change,0.07,BUY,182,0.07,0.08
2026-01-03T20:50:16.092871Z,price_change,0.12,SELL,972,0.07,0.08
2026-01-03T20:50:25.44559Z,price_change,0.10999999999999999,SELL,19,0.07,0.08
2026-01-03T20:50:25.469622Z,price_change,0.10999999999999999,SELL,20,0.07,0.08
2026-01-03T20:50:25.469929Z,price_change,0.10999999999999999,SELL,19,0.07,0.08
2026-01-03T20:50:38.599987Z,price_change,0.12,SELL,-972,0.07,0.08
2026-01-03T20:50:38.786866Z,price_change,0.12,SELL,1017,0.07,0.08
2026-01-03T20:51:31.719772Z,price_change,0.07,BUY,-182,0.06,0.08
2026-01-03T20:51:31.719772Z,price_change,0.12,SELL,-1017,0.06,0.08
2026-01-03T20:51:51.471029Z,price_change,0.07,BUY,182,0.07,0.08
2026-01-03T20:51:51.472758Z,price_change,0.12,SELL,972,0.07,0.08
2026-01-03T20:52:03.232601Z,price_change,0.12,SELL,1017,0.07,0.08
2026-01-03T20:52:03.255262Z,price_change,0.12,SELL,-972,0.07,0.08
,book,0.0700,BUY,149,0.0700,0.08
,book,0.08,SELL,441,0.0700,0.08
2026-01-03T23:16:02.333715Z,price_change,0.12,SELL,-952,0.07,0.08
2026-01-03T23:16:02.335213Z,price_change,0.20999999999999996,SELL,-1051,0.07,0.08
2026-01-03T23:16:02.480568Z,price_change,0.12,SELL,999,0.07,0.08
2026-01-03T23:16:02.481909Z,price_change,0.20999999999999996,SELL,1004,0.07,0.08
2026-01-03T23:16:02.648216Z,price_change,0.12,SELL,-999,0.07,0.08
2026-01-03T23:16:02.65206Z,price_change,0.15000000000000002,SELL,-1884,0.07,0.08
2026-01-03T23:16:02.652874Z,price_change,0.20999999999999996,SELL,-1004,0.07,0.08
2026-01-03T23:16:06.320446Z,price_change,0.12,SELL,952,0.07,0.08
2026-01-03T23:16:06.321801Z,price_change,0.15000000000000002,SELL,2262,0.07,0.08
2026-01-03T23:16:06.32315Z,price_change,0.20999999999999996,SELL,673,0.07,0.08
2026-01-03T23:16:32.276678Z,price_change,0.15000000000000002,SELL,-2262,0.07,0.08
2026-01-03T23:16:32.278464Z,price_change,0.20999999999999996,SELL,-673,0.07,0.08
2026-01-03T23:16:32.665094Z,price_change,0.15000000000000002,SELL,2309,0.07,0.08
2026-01-03T23:16:32.66593Z,price_change,0.20999999999999996,SELL,626,0.07,0.08
2026-01-03T23:16:38.308258Z,price_change,0.15000000000000002,SELL,-2309,0.07,0.08
2026-01-03T23:16:38.31007Z,price_change,0.20999999999999996,SELL,-626,0.07,0.08
2026-01-03T23:16:38.674718Z,price_change,0.15000000000000002,SELL,2260,0.07,0.08
2026-01-03T23:16:38.676269Z,price_change,0.20999999999999996,SELL,675,0.07,0.08
2026-01-03T23:17:02.222588Z,price_change,0.15000000000000002,SELL,-2260,0.07,0.08
2026-01-03T23:17:02.223682Z,price_change,0.20999999999999996,SELL,-675,0.07,0.08
2026-01-03T23:17:02.38394Z,price_change,0.15000000000000002,SELL,2309,0.07,0.08
2026-01-03T23:17:02.385127Z,price_change,0.20999999999999996,SELL,626,0.07,0.08
2026-01-03T23:17:07.475077Z,price_change,0.15000000000000002,SELL,-2309,0.07,0.08
2026-01-03T23:17:07.478938Z,price_change,0.20999999999999996,SELL,-626,0.07,0.08
2026-01-03T23:17:07.667719Z,price_change,0.15000000000000002,SELL,2227,0.07,0.08
2026-01-03T23:17:07.668692Z,price_change,0.20999999999999996,SELL,708,0.07,0.08
2026-01-03T23:17:32.140671Z,price_change,0.15000000000000002,SELL,-2227,0.07,0.08
2026-01-03T23:17:32.141642Z,price_change,0.20999999999999996,SELL,-708,0.07,0.08
2026-01-03T23:17:32.517953Z,price_change,0.15000000000000002,SELL,2309,0.07,0.08
2026-01-03T23:17:32.51878Z,price_change,0.20999999999999996,SELL,626,0.07,0.08
2026-01-03T23:17:36.479356Z,price_change,0.15000000000000002,SELL,-2309,0.07,0.08
2026-01-03T23:17:36.480429Z,price_change,0.20999999999999996,SELL,-626,0.07,0.08
2026-01-03T23:17:36.863275Z,price_change,0.15000000000000002,SELL,1930,0.07,0.08
2026-01-03T23:17:36.865013Z,price_change,0.20999999999999996,SELL,1005,0.07,0.08
2026-01-03T23:17:37.280286Z,price_change,0.16000000000000003,SELL,-382,0.07,0.08
2026-01-03T23:17:37.28159Z,price_change,0.18000000000000005,SELL,-453,0.07,0.08
2026-01-03T23:17:37.282934Z,price_change,0.20999999999999996,SELL,-1005,0.07,0.08
2026-01-03T23:17:37.716144Z,price_change,0.16000000000000003,SELL,405,0.07,0.08
2026-01-03T23:17:37.717471Z,price_change,0.18000000000000005,SELL,431,0.07,0.08
2026-01-03T23:17:37.718973Z,price_change,0.20999999999999996,SELL,1004,0.07,0.08
2026-01-03T23:18:02.285408Z,price_change,0.15000000000000002,SELL,-1930,0.07,0.08
2026-01-03T23:18:02.286449Z,price_change,0.20999999999999996,SELL,-1004,0.07,0.08
2026-01-03T23:18:02.496192Z,price_change,0.15000000000000002,SELL,2309,0.07,0.08
2026-01-03T23:18:02.497928Z,price_change,0.20999999999999996,SELL,625,0.07,0.08
2026-01-03T23:18:05.280317Z,price_change,0.15000000000000002,SELL,-2309,0.07,0.08
2026-01-03T23:18:05.281657Z,price_change,0.20999999999999996,SELL,-625,0.07,0.08
2026-01-03T23:18:05.461205Z,price_change,0.15000000000000002,SELL,2262,0.07,0.08
2026-01-03T23:18:05.463099Z,price_change,0.20999999999999996,SELL,672,0.07,0.08
2026-01-03T23:18:20.528391Z,price_change,0.12,SELL,-952,0.07,0.08
2026-01-03T23:18:20.52963Z,price_change,0.20999999999999996,SELL,-672,0.07,0.08
2026-01-03T23:18:20.898146Z,price_change,0.12,SELL,908,0.07,0.08
2026-01-03T23:18:20.899741Z,price_change,0.20999999999999996,SELL,716,0.07,0.08
2026-01-03T23:18:21.33808Z,price_change,0.12,SELL,-908,0.07,0.08
2026-01-03T23:18:21.339735Z,price_change,0.20999999999999996,SELL,-716,0.07,0.08
2026-01-03T23:18:25.470049Z,price_change,0.12,SELL,952,0.07,0.08
2026-01-03T23:18:25.471046Z,price_change,0.20999999999999996,SELL,672,0.07,0.08
2026-01-03T23:18:26.304132Z,price_change,0.18999999999999995,SELL,-146,0.07,0.08
2026-01-03T23:18:26.305931Z,price_change,0.19999999999999996,SELL,-1014,0.07,0.08
2026-01-03T23:18:26.307418Z,price_change,0.20999999999999996,SELL,-672,0.07,0.08
2026-01-03T23:18:26.509362Z,price_change,0.18999999999999995,SELL,23,0.07,0.08
2026-01-03T23:18:26.510952Z,price_change,0.19999999999999996,SELL,1005,0.07,0.08
2026-01-03T23:18:26.512586Z,price_change,0.20999999999999996,SELL,804,0.07,0.08
2026-01-03T23:18:26.926166Z,price_change,0.18999999999999995,SELL,-23,0.07,0.08
2026-01-03T23:18:26.92701Z,price_change,0.19999999999999996,SELL,-1005,0.07,0.08
2026-01-03T23:18:26.927983Z,price_change,0.20999999999999996,SELL,-804,0.07,0.08
2026-01-03T23:18:27.33328Z,price_change,0.18999999999999995,SELL,146,0.07,0.08
2026-01-03T23:18:27.335058Z,price_change,0.19999999999999996,SELL,1014,0.07,0.08
2026-01-03T23:18:27.33653Z,price_change,0.20999999999999996,SELL,672,0.07,0.08
2026-01-03T23:18:32.075515Z,price_change,0.15000000000000002,SELL,-2262,0.07,0.08
2026-01-03T23:18:32.07706Z,price_change,0.20999999999999996,SELL,-672,0.07,0.08
2026-01-03T23:18:32.477314Z,price_change,0.15000000000000002,SELL,2309,0.07,0.08
2026-01-03T23:18:32.4791Z,price_change,0.20999999999999996,SELL,625,0.07,0.08
2026-01-03T23:18:34.549493Z,price_change,0.15000000000000002,SELL,-2309,0.07,0.08
2026-01-03T23:18:34.551125Z,price_change,0.20999999999999996,SELL,-625,0.07,0.08
2026-01-03T23:18:35.017269Z,price_change,0.15000000000000002,SELL,2260,0.07,0.08
2026-01-03T23:18:35.018647Z,price_change,0.20999999999999996,SELL,674,0.07,0.08
2026-01-03T23:19:00.985898Z,price_change,0.08999999999999997,SELL,-28,0.07,0.08
2026-01-03T23:19:01.137011Z,price_change,0.07999999999999996,SELL,28,0.07,0.07999999999999996
2026-01-03T23:19:01.4711Z,price_change,0.07,BUY,-143,0.07,0.07999999999999996
2026-01-03T23:19:01.647159Z,price_change,0.06,BUY,143,0.07,0.07999999999999996
2026-01-03T23:19:02.687948Z,price_change,0.15000000000000002,SELL,-2260,0.07,0.07999999999999996
2026-01-03T23:19:02.689848Z,price_change,0.20999999999999996,SELL,-674,0.07,0.07999999999999996
2026-01-03T23:19:02.872703Z,price_change,0.15000000000000002,SELL,2309,0.07,0.07999999999999996
2026-01-03T23:19:02.873637Z,price_change,0.20999999999999996,SELL,625,0.07,0.07999999999999996
2026-01-03T23:19:03.986387Z,price_change,0.15000000000000002,SELL,-2309,0.07,0.07999999999999996
2026-01-03T23:19:03.987835Z,price_change,0.20999999999999996,SELL,-625,0.07,0.07999999999999996
2026-01-03T23:19:04.383181Z,price_change,0.15000000000000002,SELL,2227,0.07,0.07999999999999996
2026-01-03T23:19:04.384191Z,price_change,0.20999999999999996,SELL,707,0.07,0.07999999999999996
2026-01-03T23:19:32.182889Z,price_change,0.15000000000000002,SELL,-2227,0.07,0.07999999999999996
2026-01-03T23:19:32.184865Z,price_change,0.20999999999999996,SELL,-707,0.07,0.07999999999999996
2026-01-03T23:19:32.55357Z,price_change,0.15000000000000002,SELL,2309,0.07,0.07999999999999996
2026-01-03T23:19:32.554924Z,price_change,0.20999999999999996,SELL,625,0.07,0.07999999999999996
2026-01-03T23:19:36.968413Z,price_change,0.15000000000000002,SELL,-2309,0.07,0.07999999999999996
2026-01-03T23:19:36.969773Z,price_change,0.20999999999999996,SELL,-625,0.07,0.07999999999999996
2026-01-03T23:19:37.163792Z,price_change,0.15000000000000002,SELL,1930,0.07,0.07999999999999996
2026-01-03T23:19:37.164822Z,price_change,0.20999999999999996,SELL,1004,0.07,0.07999999999999996
2026-01-03T23:20:02.314005Z,price_change,0.15000000000000002,SELL,-1930,0.07,0.07999999999999996
2026-01-03T23:20:02.315439Z,price_change,0.20999999999999996,SELL,-1004,0.07,0.07999999999999996
2026-01-03T23:20:03.103894Z,price_change,0.15000000000000002,SELL,2309,0.07,0.07999999999999996
2026-01-03T23:20:03.104851Z,price_change,0.20999999999999996,SELL,625,0.07,0.07999999999999996
2026-01-03T23:20:04.700372Z,price_change,0.15000000000000002,SELL,-2309,0.07,0.07999999999999996
2026-01-03T23:20:04.701488Z,price_change,0.20999999999999996,SELL,-625,0.07,0.07999999999999996
2026-01-03T23:20:04.893969Z,price_change,0.15000000000000002,SELL,2262,0.07,0.07999999999999996
2026-01-03T23:20:04.895485Z,price_change,0.20999999999999996,SELL,672,0.07,0.07999999999999996
2026-01-03T23:20:06.907758Z,price_change,0.09999999999999998,SELL,1000,0.07,0.07999999999999996
2026-01-03T23:20:07.052093Z,price_change,0.09999999999999998,SELL,-1000,0.07,0.07999999999999996
2026-01-03T23:20:07.58581Z,price_change,0.17000000000000004,SELL,-602,0.07,0.07999999999999996
2026-01-03T23:20:07.5865Z,price_change,0.18000000000000005,SELL,-431,0.07,0.07999999999999996
2026-01-03T23:20:07.587381Z,price_change,0.18999999999999995,SELL,-146,0.07,0.07999999999999996
2026-01-03T23:20:07.588768Z,price_change,0.20999999999999996,SELL,-672,0.07,0.07999999999999996
2026-01-03T23:20:07.802132Z,price_change,0.21999999999999997,SELL,493,0.07,0.07999999999999996
2026-01-03T23:20:07.803499Z,price_change,0.22999999999999998,SELL,140,0.07,0.07999999999999996
2026-01-03T23:20:07.804863Z,price_change,0.18999999999999995,SELL,133,0.07,0.07999999999999996
2026-01-03T23:20:07.806456Z,price_change,0.20999999999999996,SELL,1085,0.07,0.07999999999999996
2026-01-03T23:20:07.991721Z,price_change,0.21999999999999997,SELL,-493,0.07,0.07999999999999996
2026-01-03T23:20:07.993126Z,price_change,0.22999999999999998,SELL,-140,0.07,0.07999999999999996
2026-01-03T23:20:07.994444Z,price_change,0.18999999999999995,SELL,-133,0.07,0.07999999999999996
2026-01-03T23:20:07.995679Z,price_change,0.20999999999999996,SELL,-1085,0.07,0.07999999999999996
2026-01-03T23:20:08.218912Z,price_change,0.17000000000000004,SELL,602,0.07,0.07999999999999996
2026-01-03T23:20:08.219949Z,price_change,0.18000000000000005,SELL,431,0.07,0.07999999999999996
2026-01-03T23:20:08.221033Z,price_change,0.18999999999999995,SELL,146,0.07,0.07999999999999996
2026-01-03T23:20:08.222378Z,price_change,0.20999999999999996,SELL,672,0.07,0.07999999999999996
2026-01-03T23:20:32.215604Z,price_change,0.15000000000000002,SELL,-2262,0.07,0.07999999999999996
2026-01-03T23:20:32.216388Z,price_change,0.20999999999999996,SELL,-672,0.07,0.07999999999999996
2026-01-03T23:20:32.368851Z,price_change,0.15000000000000002,SELL,2309,0.07,0.07999999999999996
2026-01-03T23:20:32.389306Z,price_change,0.20999999999999996,SELL,625,0.07,0.07999999999999996
2026-01-03T23:20:33.98589Z,price_change,0.15000000000000002,SELL,-2309,0.07,0.07999999999999996
2026-01-03T23:20:33.98754Z,price_change,0.20999999999999996,SELL,-625,0.07,0.07999999999999996
2026-01-03T23:20:34.361172Z,price_change,0.15000000000000002,SELL,2260,0.07,0.07999999999999996
2026-01-03T23:20:34.36233Z,price_change,0.20999999999999996,SELL,674,0.07,0.07999999999999996
2026-01-03T23:21:00.428818Z,price_change,0.12,SELL,-952,0.07,0.07999999999999996
2026-01-03T23:21:00.430412Z,price_change,0.20999999999999996,SELL,-674,0.07,0.07999999999999996
2026-01-03T23:21:00.808085Z,price_change,0.12,SELL,941,0.07,0.07999999999999996
2026-01-03T23:21:00.808981Z,price_change,0.20999999999999996,SELL,685,0.07,0.07999999999999996
2026-01-03T23:21:01.204389Z,price_change,0.12,SELL,-941,0.07,0.07999999999999996
2026-01-03T23:21:01.206039Z,price_change,0.20999999999999996,SELL,-685,0.07,0.07999999999999996
2026-01-03T23:21:01.60907Z,price_change,0.12,SELL,952,0.07,0.07999999999999996
2026-01-03T23:21:01.610454Z,price_change,0.20999999999999996,SELL,674,0.07,0.07999999999999996
2026-01-03T23:21:02.09894Z,price_change,0.15000000000000002,SELL,-2260,0.07,0.07999999999999996
2026-01-03T23:21:02.100485Z,price_change,0.20999999999999996,SELL,-674,0.07,0.07999999999999996
2026-01-03T23:21:02.252084Z,price_change,0.15000000000000002,SELL,2309,0.07,0.07999999999999996
2026-01-03T23:21:02.252946Z,price_change,0.20999999999999996,SELL,625,0.07,0.07999999999999996
2026-01-03T23:21:06.357232Z,price_change,0.15000000000000002,SELL,-2309,0.07,0.07999999999999996
2026-01-03T23:21:06.358545Z,price_change,0.20999999999999996,SELL,-625,0.07,0.07999999999999996
2026-01-03T23:21:06.783942Z,price_change,0.15000000000000002,SELL,2227,0.07,0.07999999999999996
2026-01-03T23:21:06.785187Z,price_change,0.20999999999999996,SELL,707,0.07,0.07999999999999996
2026-01-03T23:21:18.316332Z,price_change,0.01,BUY,-1,0.07,0.07999999999999996
2026-01-03T23:21:28.739879Z,price_change,0.02,BUY,-1,0.07,0.07999999999999996
2026-01-03T23:21:32.17232Z,price_change,0.15000000000000002,SELL,-2227,0.07,0.07999999999999996
2026-01-03T23:21:32.173684Z,price_change,0.20999999999999996,SELL,-707,0.07,0.07999999999999996
2026-01-03T23:21:32.317006Z,price_change,0.15000000000000002,SELL,2309,0.07,0.07999999999999996
2026-01-03T23:21:32.31889Z,price_change,0.20999999999999996,SELL,625,0.07,0.07999999999999996
2026-01-03T23:21:35.326534Z,price_change,0.15000000000000002,SELL,-2309,0.07,0.07999999999999996
2026-01-03T23:21:35.327788Z,price_change,0.20999999999999996,SELL,-625,0.07,0.07999999999999996
2026-01-03T23:21:35.727828Z,price_change,0.15000000000000002,SELL,1930,0.07,0.07999999999999996
2026-01-03T23:21:35.728908Z,price_change,0.20999999999999996,SELL,1004,0.07,0.07999999999999996
2026-01-03T23:21:40.220906Z,price_change,0.01,BUY,-1,0.07,0.07999999999999996
2026-01-03T23:21:50.424082Z,price_change,0.01,BUY,-1,0.07,0.07999999999999996
2026-01-03T23:21:58.345536Z,price_change,0.01,BUY,-1,0.07,0.07999999999999996
2026-01-03T23:22:01.966692Z,price_change,0.15000000000000002,SELL,-1930,0.07,0.07999999999999996
2026-01-03T23:22:01.96803Z,price_change,0.20999999999999996,SELL,-1004,0.07,0.07999999999999996
2026-01-03T23:22:02.119235Z,price_change,0.15000000000000002,SELL,2309,0.07,0.07999999999999996
2026-01-03T23:22:02.120062Z,price_change,0.20999999999999996,SELL,625,0.07,0.07999999999999996
2026-01-03T23:22:05.47978Z,price_change,0.15000000000000002,SELL,-2309,0.07,0.07999999999999996
2026-01-03T23:22:05.480766Z,price_change,0.20999999999999996,SELL,-625,0.07,0.07999999999999996
2026-01-03T23:22:05.848064Z,price_change,0.15000000000000002,SELL,2262,0.07,0.07999999999999996
2026-01-03T23:22:05.849622Z,price_change,0.20999999999999996,SELL,672,0.07,0.07999999999999996
2026-01-03T23:22:11.989381Z,price_change,0.02,BUY,-2,0.07,0.07999999999999996
2026-01-03T23:22:19.927837Z,price_change,0.01,BUY,-1,0.07,0.07999999999999996
2026-01-03T23:22:26.982821Z,price_change,0.01,BUY,-1,0.07,0.07999999999999996
2026-01-03T23:22:32.330874Z,price_change,0.15000000000000002,SELL,-2262,0.07,0.07999999999999996
2026-01-03T23:22:32.332404Z,price_change,0.20999999999999996,SELL,-672,0.07,0.07999999999999996
2026-01-03T23:22:32.714959Z,price_change,0.15000000000000002,SELL,2309,0.07,0.07999999999999996
2026-01-03T23:22:32.716608Z,price_change,0.20999999999999996,SELL,625,0.07,0.07999999999999996
2026-01-03T23:22:33.927089Z,price_change,0.15000000000000002,SELL,-2309,0.07,0.07999999999999996
2026-01-03T23:22:33.928143Z,price_change,0.20999999999999996,SELL,-625,0.07,0.07999999999999996
2026-01-03T23:22:34.306589Z,price_change,0.15000000000000002,SELL,2260,0.07,0.07999999999999996
2026-01-03T23:22:34.307912Z,price_change,0.20999999999999996,SELL,674,0.07,0.07999999999999996
2026-01-03T23:22:38.840516Z,price_change,0.02,BUY,-2,0.07,0.07999999999999996
2026-01-03T23:22:44.519093Z,price_change,0.01,BUY,-2,0.07,0.07999999999999996
2026-01-03T23:22:48.808334Z,price_change,0.07999999999999996,SELL,-28,0.07,0.08
2026-01-03T23:22:48.909552Z,price_change,0.08999999999999997,SELL,28,0.07,0.08
2026-01-03T23:22:49.293428Z,price_change,0.06,BUY,-143,0.07,0.08
2026-01-03T23:22:49.364567Z,price_change,0.07,BUY,143,0.07,0.08
2026-01-03T23:22:49.912986Z,price_change,0.16000000000000003,SELL,-405,0.07,0.08
2026-01-03T23:22:49.914373Z,price_change,0.17000000000000004,SELL,-602,0.07,0.08
2026-01-03T23:22:49.915813Z,price_change,0.20999999999999996,SELL,-674,0.07,0.08
2026-01-03T23:22:50.29022Z,price_change,0.21999999999999997,SELL,14,0.07,0.08
2026-01-03T23:22:50.291908Z,price_change,0.17000000000000004,SELL,582,0.07,0.08
2026-01-03T23:22:50.293498Z,price_change,0.20999999999999996,SELL,1085,0.07,0.08
2026-01-03T23:22:50.684407Z,price_change,0.21999999999999997,SELL,-14,0.07,0.08
2026-01-03T23:22:50.685226Z,price_change,0.17000000000000004,SELL,-582,0.07,0.08
2026-01-03T23:22:50.686324Z,price_change,0.20999999999999996,SELL,-1085,0.07,0.08
2026-01-03T23:22:51.141784Z,price_change,0.16000000000000003,SELL,405,0.07,0.08
2026-01-03T23:22:51.142895Z,price_change,0.17000000000000004,SELL,602,0.07,0.08
2026-01-03T23:22:51.144072Z,price_change,0.20999999999999996,SELL,674,0.07,0.08
2026-01-03T23:22:51.233115Z,price_change,0.02,BUY,-1,0.07,0.08
2026-01-03T23:22:54.199633Z,price_change,0.01,BUY,-8,0.07,0.08
2026-01-03T23:22:55.431485Z,price_change,0.06,BUY,-8,0.07,0.08
2026-01-03T23:22:57.45884Z,price_change,0.05,BUY,-1,0.07,0.08
2026-01-03T23:22:58.9276Z,price_change,0.06,BUY,-1,0.07,0.08
2026-01-03T23:22:59.498402Z,price_change,0.05,BUY,-7,0.07,0.08
2026-01-03T23:23:02.687476Z,price_change,0.15000000000000002,SELL,-2260,0.07,0.08
2026-01-03T23:23:02.688359Z,price_change,0.20999999999999996,SELL,-674,0.07,0.08
2026-01-03T23:23:03.133001Z,price_change,0.15000000000000002,SELL,2309,0.07,0.08
2026-01-03T23:23:03.133893Z,price_change,0.20999999999999996,SELL,625,0.07,0.08
2026-01-03T23:23:03.315943Z,price_change,0.15000000000000002,SELL,-2309,0.07,0.08
2026-01-03T23:23:03.318105Z,price_change,0.20999999999999996,SELL,-625,0.07,0.08
2026-01-03T23:23:03.799524Z,price_change,0.15000000000000002,SELL,2227,0.07,0.08
2026-01-03T23:23:03.800887Z,price_change,0.20999999999999996,SELL,707,0.07,0.08
2026-01-03T23:23:32.254914Z,price_change,0.15000000000000002,SELL,-2227,0.07,0.08
2026-01-03T23:23:32.25626Z,price_change,0.20999999999999996,SELL,-707,0.07,0.08
2026-01-03T23:23:32.622347Z,price_change,0.15000000000000002,SELL,2309,0.07,0.08
2026-01-03T23:23:32.623447Z,price_change,0.20999999999999996,SELL,625,0.07,0.08
2026-01-03T23:23:33.004528Z,price_change,0.15000000000000002,SELL,-2309,0.07,0.08
2026-01-03T23:23:33.006741Z,price_change,0.20999999999999996,SELL,-625,0.07,0.08
2026-01-03T23:23:36.898678Z,price_change,0.15000000000000002,SELL,1930,0.07,0.08
2026-01-03T23:23:36.902507Z,price_change,0.20999999999999996,SELL,1004,0.07,0.08
2026-01-03T23:24:02.314118Z,price_change,0.12,SELL,-952,0.07,0.08
2026-01-03T23:24:02.315616Z,price_change,0.20999999999999996,SELL,-1004,0.07,0.08
2026-01-03T23:24:02.510396Z,price_change,0.12,SELL,999,0.07,0.08
2026-01-03T23:24:02.512026Z,price_change,0.20999999999999996,SELL,957,0.07,0.08
2026-01-03T23:24:02.670937Z,price_change,0.15000000000000002,SELL,-1930,0.07,0.08
2026-01-03T23:24:02.671823Z,price_change,0.20999999999999996,SELL,-957,0.07,0.08
2026-01-03T23:24:03.087615Z,price_change,0.15000000000000002,SELL,2262,0.07,0.08
2026-01-03T23:24:03.08852Z,price_change,0.20999999999999996,SELL,625,0.07,0.08
2026-01-03T23:24:25.364877Z,price_change,0.12,SELL,-999,0.07,0.08
2026-01-03T23:24:25.366314Z,price_change,0.20999999999999996,SELL,-625,0.07,0.08
2026-01-03T23:24:25.679507Z,price_change,0.12,SELL,952,0.07,0.08
2026-01-03T23:24:25.680575Z,price_change,0.20999999999999996,SELL,672,0.07,0.08
2026-01-03T23:24:32.363011Z,price_change,0.15000000000000002,SELL,-2262,0.07,0.08
2026-01-03T23:24:32.364022Z,price_change,0.20999999999999996,SELL,-672,0.07,0.08
2026-01-03T23:24:32.756221Z,price_change,0.15000000000000002,SELL,2309,0.07,0.08
2026-01-03T23:24:32.757773Z,price_change,0.20999999999999996,SELL,625,0.07,0.08
2026-01-03T23:24:33.141091Z,price_change,0.15000000000000002,SELL,-2309,0.07,0.08
2026-01-03T23:24:33.142664Z,price_change,0.20999999999999996,SELL,-625,0.07,0.08
2026-01-03T23:24:33.320288Z,price_change,0.15000000000000002,SELL,2262,0.07,0.08
2026-01-03T23:24:33.321547Z,price_change,0.20999999999999996,SELL,672,0.07,0.08
2026-01-03T23:25:02.255765Z,price_change,0.12,SELL,-952,0.07,0.08
2026-01-03T23:25:02.256589Z,price_change,0.20999999999999996,SELL,-672,0.07,0.08
2026-01-03T23:25:02.417114Z,price_change,0.12,SELL,999,0.07,0.08
2026-01-03T23:25:02.418079Z,price_change,0.20999999999999996,SELL,625,0.07,0.08
2026-01-03T23:25:24.850784Z,price_change,0.12,SELL,-999,0.07,0.08
2026-01-03T23:25:24.852122Z,price_change,0.20999999999999996,SELL,-625,0.07,0.08
2026-01-03T23:25:25.229471Z,price_change,0.12,SELL,952,0.07,0.08
2026-01-03T23:25:25.2308Z,price_change,0.20999999999999996,SELL,672,0.07,0.08
2026-01-03T23:25:32.204728Z,price_change,0.12,SELL,-952,0.07,0.08
2026-01-03T23:25:32.205746Z,price_change,0.20999999999999996,SELL,-672,0.07,0.08
2026-01-03T23:25:32.364878Z,price_change,0.12,SELL,999,0.07,0.08
2026-01-03T23:25:32.366617Z,price_change,0.20999999999999996,SELL,625,0.07,0.08
2026-01-03T23:25:33.153273Z,price_change,0.18999999999999995,SELL,-146,0.07,0.08
2026-01-03T23:25:33.15415Z,price_change,0.19999999999999996,SELL,-1014,0.07,0.08
2026-01-03T23:25:33.155395Z,price_change,0.20999999999999996,SELL,-625,0.07,0.08
2026-01-03T23:25:33.524596Z,price_change,0.18999999999999995,SELL,23,0.07,0.08
2026-01-03T23:25:33.525527Z,price_change,0.19999999999999996,SELL,1005,0.07,0.08
2026-01-03T23:25:33.526344Z,price_change,0.20999999999999996,SELL,757,0.07,0.08
2026-01-03T23:25:33.702965Z,price_change,0.18999999999999995,SELL,-23,0.07,0.08
2026-01-03T23:25:33.703846Z,price_change,0.19999999999999996,SELL,-1005,0.07,0.08
2026-01-03T23:25:33.7046Z,price_change,0.20999999999999996,SELL,-757,0.07,0.08
2026-01-03T23:25:34.178514Z,price_change,0.18999999999999995,SELL,146,0.07,0.08
2026-01-03T23:25:34.17988Z,price_change,0.19999999999999996,SELL,1014,0.07,0.08
2026-01-03T23:25:34.181198Z,price_change,0.20999999999999996,SELL,625,0.07,0.08
2026-01-03T23:25:54.62998Z,price_change,0.12,SELL,-999,0.07,0.08
2026-01-03T23:25:54.631046Z,price_change,0.20999999999999996,SELL,-625,0.07,0.08
2026-01-03T23:25:54.77923Z,price_change,0.12,SELL,926,0.07,0.08
2026-01-03T23:25:54.780076Z,price_change,0.20999999999999996,SELL,698,0.07,0.08
2026-01-03T23:25:54.8375Z,price_change,0.10999999999999999,SELL,500,0.07,0.08
2026-01-03T23:26:02.230018Z,price_change,0.12,SELL,-926,0.07,0.08
2026-01-03T23:26:02.231894Z,price_change,0.20999999999999996,SELL,-698,0.07,0.08
2026-01-03T23:26:02.609199Z,price_change,0.12,SELL,999,0.07,0.08
2026-01-03T23:26:02.610404Z,price_change,0.20999999999999996,SELL,625,0.07,0.08
2026-01-03T23:26:02.788803Z,price_change,0.10999999999999999,SELL,-500,0.07,0.08
2026-01-03T23:26:03.598417Z,price_change,0.18999999999999995,SELL,-146,0.07,0.08
2026-01-03T23:26:03.599654Z,price_change,0.19999999999999996,SELL,-1014,0.07,0.08
2026-01-03T23:26:03.600875Z,price_change,0.20999999999999996,SELL,-625,0.07,0.08
2026-01-03T23:26:03.969885Z,price_change,0.18999999999999995,SELL,23,0.07,0.08
2026-01-03T23:26:03.971711Z,price_change,0.19999999999999996,SELL,1005,0.07,0.08
2026-01-03T23:26:03.973498Z,price_change,0.20999999999999996,SELL,757,0.07,0.08
2026-01-03T23:26:04.134089Z,price_change,0.18999999999999995,SELL,-23,0.07,0.08
2026-01-03T23:26:04.135216Z,price_change,0.19999999999999996,SELL,-1005,0.07,0.08
2026-01-03T23:26:04.136495Z,price_change,0.20999999999999996,SELL,-757,0.07,0.08
2026-01-03T23:26:04.547885Z,price_change,0.18999999999999995,SELL,146,0.07,0.08
2026-01-03T23:26:04.548855Z,price_change,0.19999999999999996,SELL,1014,0.07,0.08
2026-01-03T23:26:04.549659Z,price_change,0.20999999999999996,SELL,625,0.07,0.08
2026-01-03T23:26:07.332715Z,price_change,0.12,SELL,-999,0.07,0.08
2026-01-03T23:26:07.333827Z,price_change,0.20999999999999996,SELL,-625,0.07,0.08
2026-01-03T23:26:07.701247Z,price_change,0.12,SELL,954,0.07,0.08
2026-01-03T23:26:07.702228Z,price_change,0.20999999999999996,SELL,670,0.07,0.08
2026-01-03T23:26:07.855048Z,price_change,0.12,SELL,-954,0.07,0.08
2026-01-03T23:26:07.858049Z,price_change,0.20999999999999996,SELL,-670,0.07,0.08
2026-01-03T23:26:08.029773Z,price_change,0.12,SELL,999,0.07,0.08
2026-01-03T23:26:08.030925Z,price_change,0.20999999999999996,SELL,625,0.07,0.08
2026-01-03T23:26:08.767061Z,price_change,0.18999999999999995,SELL,-146,0.07,0.08
2026-01-03T23:26:08.76852Z,price_change,0.19999999999999996,SELL,-1014,0.07,0.08
2026-01-03T23:26:08.772919Z,price_change,0.20999999999999996,SELL,-625,0.07,0.08
2026-01-03T23:26:09.156605Z,price_change,0.18999999999999995,SELL,23,0.07,0.08
2026-01-03T23:26:09.157788Z,price_change,0.19999999999999996,SELL,1005,0.07,0.08
2026-01-03T23:26:09.158778Z,price_change,0.20999999999999996,SELL,757,0.07,0.08
2026-01-03T23:26:09.551949Z,price_change,0.18999999999999995,SELL,-23,0.07,0.08
2026-01-03T23:26:09.555435Z,price_change,0.19999999999999996,SELL,-1005,0.07,0.08
2026-01-03T23:26:09.55803Z,price_change,0.20999999999999996,SELL,-757,0.07,0.08
2026-01-03T23:26:09.971389Z,price_change,0.18999999999999995,SELL,146,0.07,0.08
2026-01-03T23:26:09.973026Z,price_change,0.19999999999999996,SELL,1014,0.07,0.08
2026-01-03T23:26:09.97444Z,price_change,0.20999999999999996,SELL,625,0.07,0.08
2026-01-03T23:26:23.489106Z,price_change,0.12,SELL,-999,0.07,0.08
2026-01-03T23:26:23.490006Z,price_change,0.20999999999999996,SELL,-625,0.07,0.08
2026-01-03T23:26:23.649707Z,price_change,0.12,SELL,952,0.07,0.08
2026-01-03T23:26:23.650534Z,price_change,0.20999999999999996,SELL,672,0.07,0.08
2026-01-03T23:26:32.196336Z,price_change,0.12,SELL,-952,0.07,0.08
2026-01-03T23:26:32.197106Z,price_change,0.20999999999999996,SELL,-672,0.07,0.08
2026-01-03T23:26:32.577501Z,price_change,0.12,SELL,999,0.07,0.08
2026-01-03T23:26:32.57903Z,price_change,0.20999999999999996,SELL,625,0.07,0.08
2026-01-03T23:26:52.968949Z,price_change,0.12,SELL,-999,0.07,0.08
2026-01-03T23:26:52.970472Z,price_change,0.20999999999999996,SELL,-625,0.07,0.08
2026-01-03T23:26:53.326807Z,price_change,0.12,SELL,952,0.07,0.08
2026-01-03T23:26:53.327581Z,price_change,0.20999999999999996,SELL,672,0.07,0.08
2026-01-03T23:27:02.473427Z,price_change,0.12,SELL,-952,0.07,0.08
2026-01-03T23:27:02.475349Z,price_change,0.20999999999999996,SELL,-672,0.07,0.08
2026-01-03T23:27:02.84918Z,price_change,0.12,SELL,999,0.07,0.08
2026-01-03T23:27:02.850638Z,price_change,0.20999999999999996,SELL,625,0.07,0.08
2026-01-03T23:27:21.898922Z,price_change,0.12,SELL,-999,0.07,0.08
2026-01-03T23:27:21.899983Z,price_change,0.20999999999999996,SELL,-625,0.07,0.08
2026-01-03T23:27:22.281175Z,price_change,0.12,SELL,952,0.07,0.08
2026-01-03T23:27:22.282002Z,price_change,0.20999999999999996,SELL,672,0.07,0.08
2026-01-03T23:27:23.004176Z,price_change,0.08999999999999997,SELL,-28,0.07,0.08
2026-01-03T23:27:23.080395Z,price_change,0.07999999999999996,SELL,28,0.07,0.07999999999999996
2026-01-03T23:27:23.440388Z,price_change,0.07,BUY,-143,0.07,0.07999999999999996
2026-01-03T23:27:23.548686Z,price_change,0.06,BUY,143,0.07,0.07999999999999996
2026-01-03T23:27:32.312547Z,price_change,0.12,SELL,-952,0.07,0.07999999999999996
2026-01-03T23:27:32.313295Z,price_change,0.20999999999999996,SELL,-672,0.07,0.07999999999999996
2026-01-03T23:27:32.474122Z,price_change,0.12,SELL,999,0.07,0.07999999999999996
2026-01-03T23:27:32.475181Z,price_change,0.20999999999999996,SELL,625,0.07,0.07999999999999996
2026-01-03T23:27:52.255159Z,price_change,0.12,SELL,-999,0.07,0.07999999999999996
2026-01-03T23:27:52.256077Z,price_change,0.20999999999999996,SELL,-625,0.07,0.07999999999999996
2026-01-03T23:27:52.635636Z,price_change,0.12,SELL,952,0.07,0.07999999999999996
2026-01-03T23:27:52.636615Z,price_change,0.20999999999999996,SELL,672,0.07,0.07999999999999996
2026-01-03T23:28:02.330094Z,price_change,0.12,SELL,-952,0.07,0.07999999999999996
2026-01-03T23:28:02.331268Z,price_change,0.20999999999999996,SELL,-672,0.07,0.07999999999999996
2026-01-03T23:28:02.478449Z,price_change,0.12,SELL,999,0.07,0.07999999999999996
2026-01-03T23:28:02.479839Z,price_change,0.20999999999999996,SELL,625,0.07,0.07999999999999996
2026-01-03T23:28:22.235165Z,price_change,0.12,SELL,-999,0.07,0.07999999999999996
2026-01-03T23:28:22.236571Z,price_change,0.20999999999999996,SELL,-625,0.07,0.07999999999999996
2026-01-03T23:28:22.626448Z,price_change,0.12,SELL,926,0.07,0.07999999999999996
2026-01-03T23:28:22.627476Z,price_change,0.20999999999999996,SELL,698,0.07,0.07999999999999996
2026-01-03T23:28:22.736371Z,price_change,0.10999999999999999,SELL,500,0.07,0.07999999999999996
2026-01-03T23:28:32.306225Z,price_change,0.10999999999999999,SELL,-500,0.07,0.07999999999999996
2026-01-03T23:28:32.409279Z,price_change,0.12,SELL,-926,0.07,0.07999999999999996
2026-01-03T23:28:32.410869Z,price_change,0.20999999999999996,SELL,-698,0.07,0.07999999999999996
2026-01-03T23:28:32.787103Z,price_change,0.12,SELL,999,0.07,0.07999999999999996
2026-01-03T23:28:32.788105Z,price_change,0.20999999999999996,SELL,625,0.07,0.07999999999999996
2026-01-03T23:28:51.356361Z,price_change,0.12,SELL,-999,0.07,0.07999999999999996
2026-01-03T23:28:51.358083Z,price_change,0.20999999999999996,SELL,-625,0.07,0.07999999999999996
2026-01-03T23:28:51.716049Z,price_change,0.12,SELL,952,0.07,0.07999999999999996
2026-01-03T23:28:51.716847Z,price_change,0.20999999999999996,SELL,672,0.07,0.07999999999999996
2026-01-03T23:28:52.485317Z,price_change,0.18999999999999995,SELL,-146,0.07,0.07999999999999996
2026-01-03T23:28:52.48677Z,price_change,0.19999999999999996,SELL,-1014,0.07,0.07999999999999996
2026-01-03T23:28:52.488192Z,price_change,0.20999999999999996,SELL,-672,0.07,0.07999999999999996
2026-01-03T23:28:52.872095Z,price_change,0.18999999999999995,SELL,23,0.07,0.07999999999999996
2026-01-03T23:28:52.873571Z,price_change,0.19999999999999996,SELL,1005,0.07,0.07999999999999996
2026-01-03T23:28:52.875105Z,price_change,0.20999999999999996,SELL,804,0.07,0.07999999999999996
2026-01-03T23:28:53.258644Z,price_change,0.18999999999999995,SELL,-23,0.07,0.07999999999999996
2026-01-03T23:28:53.259717Z,price_change,0.19999999999999996,SELL,-1005,0.07,0.07999999999999996
2026-01-03T23:28:53.260867Z,price_change,0.20999999999999996,SELL,-804,0.07,0.07999999999999996
2026-01-03T23:28:53.655878Z,price_change,0.18999999999999995,SELL,146,0.07,0.07999999999999996
2026-01-03T23:28:53.656922Z,price_change,0.19999999999999996,SELL,1014,0.07,0.07999999999999996
2026-01-03T23:28:53.657688Z,price_change,0.20999999999999996,SELL,672,0.07,0.07999999999999996
2026-01-03T23:29:02.41851Z,price_change,0.12,SELL,-952,0.07,0.07999999999999996
2026-01-03T23:29:02.41941Z,price_change,0.20999999999999996,SELL,-672,0.07,0.07999999999999996
2026-01-03T23:29:02.782685Z,price_change,0.12,SELL,999,0.07,0.07999999999999996
2026-01-03T23:29:02.783788Z,price_change,0.20999999999999996,SELL,625,0.07,0.07999999999999996
2026-01-03T23:29:20.548015Z,price_change,0.12,SELL,-999,0.07,0.07999999999999996
2026-01-03T23:29:20.548859Z,price_change,0.20999999999999996,SELL,-625,0.07,0.07999999999999996
2026-01-03T23:29:20.9613Z,price_change,0.12,SELL,952,0.07,0.07999999999999996
2026-01-03T23:29:20.962916Z,price_change,0.20999999999999996,SELL,672,0.07,0.07999999999999996
2026-01-03T23:29:32.46817Z,price_change,0.12,SELL,-952,0.07,0.07999999999999996
2026-01-03T23:29:32.469277Z,price_change,0.20999999999999996,SELL,-672,0.07,0.07999999999999996
2026-01-03T23:29:32.836897Z,price_change,0.12,SELL,999,0.07,0.07999999999999996
2026-01-03T23:29:32.838356Z,price_change,0.20999999999999996,SELL,625,0.07,0.07999999999999996
2026-01-03T23:29:48.205649Z,price_change,0.12,SELL,-999,0.07,0.07999999999999996
2026-01-03T23:29:48.206651Z,price_change,0.20999999999999996,SELL,-625,0.07,0.07999999999999996
2026-01-03T23:29:48.627365Z,price_change,0.12,SELL,987,0.07,0.07999999999999996
2026-01-03T23:29:48.629405Z,price_change,0.20999999999999996,SELL,637,0.07,0.07999999999999996
2026-01-03T23:29:49.014444Z,price_change,0.12,SELL,-987,0.07,0.07999999999999996
2026-01-03T23:29:49.016027Z,price_change,0.20999999999999996,SELL,-637,0.07,0.07999999999999996
2026-01-03T23:29:52.442036Z,price_change,0.12,SELL,999,0.07,0.07999999999999996
2026-01-03T23:29:52.443169Z,price_change,0.20999999999999996,SELL,625,0.07,0.07999999999999996
2026-01-03T23:29:52.745048Z,price_change,0.09999999999999998,SELL,1000,0.07,0.07999999999999996
2026-01-03T23:29:52.848884Z,price_change,0.12,SELL,-999,0.07,0.07999999999999996
2026-01-03T23:29:52.850315Z,price_change,0.20999999999999996,SELL,-625,0.07,0.07999999999999996
2026-01-03T23:29:53.146872Z,price_change,0.09999999999999998,SELL,-1000,0.07,0.07999999999999996
2026-01-03T23:29:53.277502Z,price_change,0.12,SELL,952,0.07,0.07999999999999996
2026-01-03T23:29:53.278666Z,price_change,0.20999999999999996,SELL,672,0.07,0.07999999999999996
2026-01-03T23:30:02.47457Z,price_change,0.12,SELL,-952,0.07,0.07999999999999996
2026-01-03T23:30:02.475574Z,price_change,0.20999999999999996,SELL,-672,0.07,0.07999999999999996
2026-01-03T23:30:02.667891Z,price_change,0.12,SELL,999,0.07,0.07999999999999996
2026-01-03T23:30:02.669069Z,price_change,0.20999999999999996,SELL,625,0.07,0.07999999999999996
2026-01-03T23:30:07.440768Z,price_change,0.18999999999999995,SELL,-146,0.07,0.07999999999999996
2026-01-03T23:30:07.441699Z,price_change,0.19999999999999996,SELL,-1014,0.07,0.07999999999999996
2026-01-03T23:30:07.442681Z,price_change,0.20999999999999996,SELL,-625,0.07,0.07999999999999996
2026-01-03T23:30:07.835988Z,price_change,0.18999999999999995,SELL,23,0.07,0.07999999999999996
2026-01-03T23:30:07.83739Z,price_change,0.19999999999999996,SELL,1005,0.07,0.07999999999999996
2026-01-03T23:30:07.838817Z,price_change,0.20999999999999996,SELL,757,0.07,0.07999999999999996
2026-01-03T23:30:08.259422Z,price_change,0.18999999999999995,SELL,-23,0.07,0.07999999999999996
2026-01-03T23:30:08.2604Z,price_change,0.19999999999999996,SELL,-1005,0.07,0.07999999999999996
2026-01-03T23:30:08.26154Z,price_change,0.20999999999999996,SELL,-757,0.07,0.07999999999999996
2026-01-03T23:30:08.500608Z,price_change,0.18999999999999995,SELL,146,0.07,0.07999999999999996
2026-01-03T23:30:08.501578Z,price_change,0.19999999999999996,SELL,1014,0.07,0.07999999999999996
2026-01-03T23:30:08.502705Z,price_change,0.20999999999999996,SELL,625,0.07,0.07999999999999996
2026-01-03T23:30:20.40049Z,price_change,0.12,SELL,-999,0.07,0.07999999999999996
2026-01-03T23:30:20.401426Z,price_change,0.20999999999999996,SELL,-625,0.07,0.07999999999999996
2026-01-03T23:30:20.561245Z,price_change,0.12,SELL,952,0.07,0.07999999999999996
2026-01-03T23:30:20.562344Z,price_change,0.20999999999999996,SELL,672,0.07,0.07999999999999996
2026-01-03T23:30:21.405209Z,price_change,0.18999999999999995,SELL,-146,0.07,0.07999999999999996
2026-01-03T23:30:21.406988Z,price_change,0.19999999999999996,SELL,-1014,0.07,0.07999999999999996
2026-01-03T23:30:21.408692Z,price_change,0.20999999999999996,SELL,-672,0.07,0.07999999999999996
2026-01-03T23:30:21.782725Z,price_change,0.18999999999999995,SELL,23,0.07,0.07999999999999996
2026-01-03T23:30:21.784417Z,price_change,0.19999999999999996,SELL,1005,0.07,0.07999999999999996
2026-01-03T23:30:21.786198Z,price_change,0.20999999999999996,SELL,804,0.07,0.07999999999999996
2026-01-03T23:30:22.176733Z,price_change,0.18999999999999995,SELL,-23,0.07,0.07999999999999996
2026-01-03T23:30:22.178662Z,price_change,0.19999999999999996,SELL,-1005,0.07,0.07999999999999996
2026-01-03T23:30:22.180258Z,price_change,0.20999999999999996,SELL,-804,0.07,0.07999999999999996
2026-01-03T23:30:22.655038Z,price_change,0.18999999999999995,SELL,146,0.07,0.07999999999999996
2026-01-03T23:30:22.65655Z,price_change,0.19999999999999996,SELL,1014,0.07,0.07999999999999996
2026-01-03T23:30:22.658071Z,price_change,0.20999999999999996,SELL,672,0.07,0.07999999999999996
2026-01-03T23:30:23.426313Z,price_change,0.09999999999999998,SELL,1000,0.07,0.07999999999999996
2026-01-03T23:30:23.574443Z,price_change,0.09999999999999998,SELL,-1000,0.07,0.07999999999999996
2026-01-03T23:30:32.029401Z,price_change,0.12,SELL,-952,0.07,0.07999999999999996
2026-01-03T23:30:32.030903Z,price_change,0.20999999999999996,SELL,-672,0.07,0.07999999999999996
2026-01-03T23:30:32.398627Z,price_change,0.12,SELL,999,0.07,0.07999999999999996
2026-01-03T23:30:32.400409Z,price_change,0.20999999999999996,SELL,625,0.07,0.07999999999999996
2026-01-03T23:30:35.001396Z,price_change,0.10999999999999999,SELL,-20,0.07,0.07999999999999996
2026-01-03T23:30:35.001396Z,price_change,0.10999999999999999,SELL,-19,0.07,0.07999999999999996
2026-01-03T23:30:35.001396Z,price_change,0.10999999999999999,SELL,-19,0.07,0.07999999999999996
2026-01-03T23:30:50.558876Z,price_change,0.12,SELL,-999,0.07,0.07999999999999996
2026-01-03T23:30:50.559865Z,price_change,0.20999999999999996,SELL,-625,0.07,0.07999999999999996
2026-01-03T23:30:50.718599Z,price_change,0.12,SELL,926,0.07,0.07999999999999996
2026-01-03T23:30:50.719691Z,price_change,0.20999999999999996,SELL,698,0.07,0.07999999999999996
2026-01-03T23:30:50.724673Z,price_change,0.10999999999999999,SELL,500,0.07,0.07999999999999996
2026-01-03T23:31:02.122146Z,price_change,0.12,SELL,-926,0.07,0.07999999999999996
2026-01-03T23:31:02.123758Z,price_change,0.20999999999999996,SELL,-698,0.07,0.07999999999999996
2026-01-03T23:31:02.250088Z,price_change,0.10999999999999999,SELL,-500,0.07,0.07999999999999996
2026-01-03T23:31:02.285813Z,price_change,0.12,SELL,999,0.07,0.07999999999999996
2026-01-03T23:31:02.287382Z,price_change,0.20999999999999996,SELL,625,0.07,0.07999999999999996
2026-01-03T23:31:06.541329Z,price_change,0.18999999999999995,SELL,-146,0.07,0.07999999999999996
2026-01-03T23:31:06.542188Z,price_change,0.18000000000000005,SELL,-431,0.07,0.07999999999999996
2026-01-03T23:31:06.542983Z,price_change,0.19999999999999996,SELL,-1014,0.07,0.07999999999999996
2026-01-03T23:31:06.543956Z,price_change,0.20999999999999996,SELL,-625,0.07,0.07999999999999996
2026-01-03T23:31:06.955181Z,price_change,0.21999999999999997,SELL,199,0.07,0.07999999999999996
2026-01-03T23:31:06.957821Z,price_change,0.19999999999999996,SELL,932,0.07,0.07999999999999996
2026-01-03T23:31:06.95946Z,price_change,0.20999999999999996,SELL,1085,0.07,0.07999999999999996
2026-01-03T23:31:07.321134Z,price_change,0.21999999999999997,SELL,-199,0.07,0.07999999999999996
2026-01-03T23:31:07.325216Z,price_change,0.19999999999999996,SELL,-932,0.07,0.07999999999999996
2026-01-03T23:31:07.32776Z,price_change,0.20999999999999996,SELL,-1085,0.07,0.07999999999999996
2026-01-03T23:31:07.711288Z,price_change,0.18999999999999995,SELL,146,0.07,0.07999999999999996
2026-01-03T23:31:07.712829Z,price_change,0.18000000000000005,SELL,431,0.07,0.07999999999999996
2026-01-03T23:31:07.714252Z,price_change,0.19999999999999996,SELL,1014,0.07,0.07999999999999996
2026-01-03T23:31:07.715517Z,price_change,0.20999999999999996,SELL,625,0.07,0.07999999999999996
2026-01-03T23:31:20.151938Z,price_change,0.12,SELL,-999,0.07,0.07999999999999996
2026-01-03T23:31:20.153513Z,price_change,0.20999999999999996,SELL,-625,0.07,0.07999999999999996
2026-01-03T23:31:20.309963Z,price_change,0.12,SELL,952,0.07,0.07999999999999996
2026-01-03T23:31:20.31087Z,price_change,0.20999999999999996,SELL,672,0.07,0.07999999999999996
2026-01-03T23:31:32.495515Z,price_change,0.12,SELL,-952,0.07,0.07999999999999996
2026-01-03T23:31:32.497272Z,price_change,0.20999999999999996,SELL,-672,0.07,0.07999999999999996
2026-01-03T23:31:32.884308Z,price_change,0.12,SELL,999,0.07,0.07999999999999996
2026-01-03T23:31:32.885943Z,price_change,0.20999999999999996,SELL,625,0.07,0.07999999999999996
2026-01-03T23:31:33.568629Z,price_change,0.18999999999999995,SELL,-146,0.07,0.07999999999999996
2026-01-03T23:31:33.570152Z,price_change,0.19999999999999996,SELL,-1014,0.07,0.07999999999999996
2026-01-03T23:31:33.571447Z,price_change,0.20999999999999996,SELL,-625,0.07,0.07999999999999996
2026-01-03T23:31:33.945142Z,price_change,0.18999999999999995,SELL,23,0.07,0.07999999999999996
2026-01-03T23:31:33.946919Z,price_change,0.19999999999999996,SELL,1005,0.07,0.07999999999999996
2026-01-03T23:31:33.94842Z,price_change,0.20999999999999996,SELL,757,0.07,0.07999999999999996
2026-01-03T23:31:34.106433Z,price_change,0.18999999999999995,SELL,-23,0.07,0.07999999999999996
2026-01-03T23:31:34.109289Z,price_change,0.19999999999999996,SELL,-1005,0.07,0.07999999999999996
2026-01-03T23:31:34.110696Z,price_change,0.20999999999999996,SELL,-757,0.07,0.07999999999999996
2026-01-03T23:31:34.314376Z,price_change,0.18999999999999995,SELL,146,0.07,0.07999999999999996
2026-01-03T23:31:34.315376Z,price_change,0.19999999999999996,SELL,1014,0.07,0.07999999999999996
2026-01-03T23:31:34.31672Z,price_change,0.20999999999999996,SELL,625,0.07,0.07999999999999996
2026-01-03T23:31:41.718697Z,price_change,0.07999999999999996,SELL,-28,0.07,0.08
2026-01-03T23:31:41.831113Z,price_change,0.08999999999999997,SELL,28,0.07,0.08
2026-01-03T23:31:42.171986Z,price_change,0.06,BUY,-143,0.07,0.08
2026-01-03T23:31:42.270874Z,price_change,0.07,BUY,143,0.07,0.08
2026-01-03T23:31:51.074622Z,price_change,0.12,SELL,-999,0.07,0.08
2026-01-03T23:31:51.076107Z,price_change,0.20999999999999996,SELL,-625,0.07,0.08
2026-01-03T23:31:51.423148Z,price_change,0.12,SELL,952,0.07,0.08
2026-01-03T23:31:51.424012Z,price_change,0.20999999999999996,SELL,672,0.07,0.08
2026-01-03T23:32:02.266729Z,price_change,0.12,SELL,-952,0.07,0.08
2026-01-03T23:32:02.267944Z,price_change,0.20999999999999996,SELL,-672,0.07,0.08
2026-01-03T23:32:02.647164Z,price_change,0.12,SELL,999,0.07,0.08
2026-01-03T23:32:02.647898Z,price_change,0.20999999999999996,SELL,625,0.07,0.08
2026-01-03T23:32:21.951634Z,price_change,0.12,SELL,-999,0.07,0.08
2026-01-03T23:32:21.952585Z,price_change,0.20999999999999996,SELL,-625,0.07,0.08
2026-01-03T23:32:22.106827Z,price_change,0.12,SELL,952,0.07,0.08
2026-01-03T23:32:22.109764Z,price_change,0.20999999999999996,SELL,672,0.07,0.08
2026-01-03T23:32:26.293437Z,price_change,0.18999999999999995,SELL,-146,0.07,0.08
2026-01-03T23:32:26.295922Z,price_change,0.19999999999999996,SELL,-1014,0.07,0.08
2026-01-03T23:32:26.29723Z,price_change,0.20999999999999996,SELL,-672,0.07,0.08
2026-01-03T23:32:26.665727Z,price_change,0.18999999999999995,SELL,23,0.07,0.08
2026-01-03T23:32:26.667444Z,price_change,0.19999999999999996,SELL,1005,0.07,0.08
2026-01-03T23:32:26.668987Z,price_change,0.20999999999999996,SELL,804,0.07,0.08
2026-01-03T23:32:27.039027Z,price_change,0.18999999999999995,SELL,-23,0.07,0.08
2026-01-03T23:32:27.039995Z,price_change,0.19999999999999996,SELL,-1005,0.07,0.08
2026-01-03T23:32:27.041371Z,price_change,0.20999999999999996,SELL,-804,0.07,0.08
2026-01-03T23:32:27.239536Z,price_change,0.18999999999999995,SELL,146,0.07,0.08
2026-01-03T23:32:27.24074Z,price_change,0.19999999999999996,SELL,1014,0.07,0.08
2026-01-03T23:32:27.241796Z,price_change,0.20999999999999996,SELL,672,0.07,0.08
2026-01-03T23:32:32.327376Z,price_change,0.12,SELL,-952,0.07,0.08
2026-01-03T23:32:32.329256Z,price_change,0.20999999999999996,SELL,-672,0.07,0.08
2026-01-03T23:32:32.719838Z,price_change,0.12,SELL,999,0.07,0.08
2026-01-03T23:32:32.721465Z,price_change,0.20999999999999996,SELL,625,0.07,0.08
2026-01-03T23:32:51.828461Z,price_change,0.12,SELL,-999,0.07,0.08
2026-01-03T23:32:51.829983Z,price_change,0.20999999999999996,SELL,-625,0.07,0.08
2026-01-03T23:32:52.221754Z,price_change,0.12,SELL,952,0.07,0.08
2026-01-03T23:32:52.223115Z,price_change,0.20999999999999996,SELL,672,0.07,0.08
2026-01-03T23:33:02.334285Z,price_change,0.12,SELL,-952,0.07,0.08
2026-01-03T23:33:02.335945Z,price_change,0.20999999999999996,SELL,-672,0.07,0.08
2026-01-03T23:33:02.720084Z,price_change,0.12,SELL,999,0.07,0.08
2026-01-03T23:33:02.721534Z,price_change,0.20999999999999996,SELL,625,0.07,0.08
2026-01-03T23:33:23.265806Z,price_change,0.10999999999999999,SELL,500,0.07,0.08
2026-01-03T23:33:23.538771Z,price_change,0.12,SELL,-999,0.07,0.08
2026-01-03T23:33:23.539778Z,price_change,0.20999999999999996,SELL,-625,0.07,0.08
2026-01-03T23:33:23.910701Z,price_change,0.12,SELL,926,0.07,0.08
2026-01-03T23:33:23.912206Z,price_change,0.20999999999999996,SELL,698,0.07,0.08
2026-01-03T23:33:30.53923Z,price_change,0.12,SELL,-926,0.07,0.08
2026-01-03T23:33:30.54054Z,price_change,0.20999999999999996,SELL,-698,0.07,0.08
2026-01-03T23:33:30.685501Z,price_change,0.12,SELL,882,0.07,0.08
2026-01-03T23:33:30.686969Z,price_change,0.20999999999999996,SELL,742,0.07,0.08
2026-01-03T23:33:30.881368Z,price_change,0.12,SELL,-882,0.07,0.08
2026-01-03T23:33:30.884542Z,price_change,0.20999999999999996,SELL,-742,0.07,0.08
2026-01-03T23:33:31.296509Z,price_change,0.12,SELL,926,0.07,0.08
2026-01-03T23:33:31.297543Z,price_change,0.20999999999999996,SELL,698,0.07,0.08
2026-01-03T23:33:32.359402Z,price_change,0.10999999999999999,SELL,-500,0.07,0.08
2026-01-03T23:33:32.393674Z,price_change,0.12,SELL,-926,0.07,0.08
2026-01-03T23:33:32.395044Z,price_change,0.20999999999999996,SELL,-698,0.07,0.08
2026-01-03T23:33:32.592092Z,price_change,0.12,SELL,999,0.07,0.08
2026-01-03T23:33:32.593132Z,price_change,0.20999999999999996,SELL,625,0.07,0.08
2026-01-03T23:33:52.850667Z,price_change,0.12,SELL,-999,0.07,0.08
2026-01-03T23:33:52.85136Z,price_change,0.20999999999999996,SELL,-625,0.07,0.08
2026-01-03T23:33:53.001297Z,price_change,0.12,SELL,952,0.07,0.08
2026-01-03T23:33:53.003344Z,price_change,0.20999999999999996,SELL,672,0.07,0.08
2026-01-03T23:33:53.987332Z,price_change,0.18999999999999995,SELL,-146,0.07,0.08
2026-01-03T23:33:53.988452Z,price_change,0.19999999999999996,SELL,-1014,0.07,0.08
2026-01-03T23:33:53.989649Z,price_change,0.20999999999999996,SELL,-672,0.07,0.08
2026-01-03T23:33:54.173345Z,price_change,0.18999999999999995,SELL,23,0.07,0.08
2026-01-03T23:33:54.174337Z,price_change,0.19999999999999996,SELL,1005,0.07,0.08
2026-01-03T23:33:54.175761Z,price_change,0.20999999999999996,SELL,804,0.07,0.08
2026-01-03T23:33:54.338526Z,price_change,0.18999999999999995,SELL,-23,0.07,0.08
2026-01-03T23:33:54.339511Z,price_change,0.19999999999999996,SELL,-1005,0.07,0.08
2026-01-03T23:33:54.340411Z,price_change,0.20999999999999996,SELL,-804,0.07,0.08
2026-01-03T23:33:54.834825Z,price_change,0.18999999999999995,SELL,146,0.07,0.08
2026-01-03T23:33:54.836578Z,price_change,0.19999999999999996,SELL,1014,0.07,0.08
2026-01-03T23:33:54.837948Z,price_change,0.20999999999999996,SELL,672,0.07,0.08
2026-01-03T23:34:02.315985Z,price_change,0.12,SELL,-952,0.07,0.08
2026-01-03T23:34:02.317897Z,price_change,0.20999999999999996,SELL,-672,0.07,0.08
2026-01-03T23:34:02.701097Z,price_change,0.12,SELL,999,0.07,0.08
2026-01-03T23:34:02.702146Z,price_change,0.20999999999999996,SELL,625,0.07,0.08
2026-01-03T23:34:03.953324Z,price_change,0.09999999999999998,SELL,1000,0.07,0.08
2026-01-03T23:34:04.351538Z,price_change,0.09999999999999998,SELL,-1000,0.07,0.08
2026-01-03T23:34:23.247406Z,price_change,0.12,SELL,-999,0.07,0.08
2026-01-03T23:34:23.248984Z,price_change,0.20999999999999996,SELL,-625,0.07,0.08
2026-01-03T23:34:23.630997Z,price_change,0.12,SELL,952,0.07,0.08
2026-01-03T23:34:23.632392Z,price_change,0.20999999999999996,SELL,672,0.07,0.08
2026-01-03T23:34:32.313724Z,price_change,0.12,SELL,-952,0.07,0.08
2026-01-03T23:34:32.314642Z,price_change,0.20999999999999996,SELL,-672,0.07,0.08
2026-01-03T23:34:32.721502Z,price_change,0.12,SELL,999,0.07,0.08
2026-01-03T23:34:32.723065Z,price_change,0.20999999999999996,SELL,625,0.07,0.08
2026-01-03T23:34:37.682486Z,price_change,0.18999999999999995,SELL,-146,0.07,0.08
2026-01-03T23:34:37.684165Z,price_change,0.19999999999999996,SELL,-1014,0.07,0.08
2026-01-03T23:34:37.685441Z,price_change,0.20999999999999996,SELL,-625,0.07,0.08
2026-01-03T23:34:38.081121Z,price_change,0.18999999999999995,SELL,23,0.07,0.08
2026-01-03T23:34:38.082668Z,price_change,0.19999999999999996,SELL,1005,0.07,0.08
2026-01-03T23:34:38.084247Z,price_change,0.20999999999999996,SELL,757,0.07,0.08
2026-01-03T23:34:38.491721Z,price_change,0.18999999999999995,SELL,-23,0.07,0.08
2026-01-03T23:34:38.49344Z,price_change,0.19999999999999996,SELL,-1005,0.07,0.08
2026-01-03T23:34:38.494792Z,price_change,0.20999999999999996,SELL,-757,0.07,0.08
2026-01-03T23:34:38.989501Z,price_change,0.18999999999999995,SELL,146,0.07,0.08
2026-01-03T23:34:38.990882Z,price_change,0.19999999999999996,SELL,1014,0.07,0.08
2026-01-03T23:34:38.995264Z,price_change,0.20999999999999996,SELL,625,0.07,0.08
2026-01-03T23:34:52.914252Z,price_change,0.12,SELL,-999,0.07,0.08
2026-01-03T23:34:52.915963Z,price_change,0.20999999999999996,SELL,-625,0.07,0.08
2026-01-03T23:34:53.080407Z,price_change,0.12,SELL,952,0.07,0.08
2026-01-03T23:34:53.08197Z,price_change,0.20999999999999996,SELL,672,0.07,0.08
2026-01-03T23:35:01.150378Z,price_change,0.13,SELL,-516,0.07,0.08
2026-01-03T23:35:01.152578Z,price_change,0.20999999999999996,SELL,-672,0.07,0.08
2026-01-03T23:35:01.322082Z,price_change,0.13,SELL,488,0.07,0.08
2026-01-03T23:35:01.323992Z,price_change,0.20999999999999996,SELL,700,0.07,0.08
2026-01-03T23:35:01.494563Z,price_change,0.13,SELL,-488,0.07,0.08
2026-01-03T23:35:01.496794Z,price_change,0.20999999999999996,SELL,-700,0.07,0.08
2026-01-03T23:35:01.80644Z,price_change,0.14,SELL,433,0.07,0.08
2026-01-03T23:35:01.807551Z,price_change,0.20999999999999996,SELL,755,0.07,0.08
2026-01-03T23:35:01.969022Z,price_change,0.10999999999999999,SELL,500,0.07,0.08
2026-01-03T23:35:02.519291Z,price_change,0.12,SELL,-952,0.07,0.08
2026-01-03T23:35:02.520998Z,price_change,0.20999999999999996,SELL,-755,0.07,0.08
2026-01-03T23:35:03.019368Z,price_change,0.12,SELL,999,0.07,0.08
2026-01-03T23:35:03.021487Z,price_change,0.20999999999999996,SELL,708,0.07,0.08
2026-01-03T23:35:23.736514Z,price_change,0.12,SELL,-999,0.07,0.08
2026-01-03T23:35:23.737891Z,price_change,0.20999999999999996,SELL,-708,0.07,0.08
2026-01-03T23:35:24.108343Z,price_change,0.12,SELL,952,0.07,0.08
2026-01-03T23:35:24.10977Z,price_change,0.20999999999999996,SELL,755,0.07,0.08
2026-01-03T23:35:26.133784Z,price_change,0.17000000000000004,SELL,-32,0.07,0.08
2026-01-03T23:35:26.250771Z,price_change,0.17000000000000004,SELL,-51,0.07,0.08
2026-01-03T23:35:26.361197Z,price_change,0.21999999999999997,SELL,-32,0.07,0.08
2026-01-03T23:35:26.479704Z,price_change,0.22999999999999998,SELL,-50,0.07,0.08
2026-01-03T23:35:26.566201Z,price_change,0.22999999999999998,SELL,-32,0.07,0.08
2026-01-03T23:35:26.670853Z,price_change,0.08999999999999997,SELL,-28,0.07,0.08
2026-01-03T23:35:26.752331Z,price_change,0.07999999999999996,SELL,28,0.07,0.07999999999999996
2026-01-03T23:35:26.866876Z,price_change,0.15000000000000002,SELL,32,0.07,0.07999999999999996
2026-01-03T23:35:26.983824Z,price_change,0.16000000000000003,SELL,45,0.07,0.07999999999999996
2026-01-03T23:35:27.056446Z,price_change,0.20999999999999996,SELL,114,0.07,0.07999999999999996
2026-01-03T23:35:27.109432Z,price_change,0.16000000000000003,SELL,-405,0.07,0.07999999999999996
2026-01-03T23:35:27.110899Z,price_change,0.20999999999999996,SELL,-755,0.07,0.07999999999999996
2026-01-03T23:35:27.438352Z,price_change,0.07,BUY,-143,0.07,0.07999999999999996
2026-01-03T23:35:27.498786Z,price_change,0.21999999999999997,SELL,67,0.07,0.07999999999999996
2026-01-03T23:35:27.500187Z,price_change,0.16000000000000003,SELL,8,0.07,0.07999999999999996
2026-01-03T23:35:27.501567Z,price_change,0.20999999999999996,SELL,1085,0.07,0.07999999999999996
2026-01-03T23:35:27.523517Z,price_change,0.06,BUY,143,0.07,0.07999999999999996
2026-01-03T23:35:27.901289Z,price_change,0.21999999999999997,SELL,-67,0.07,0.07999999999999996
2026-01-03T23:35:27.902823Z,price_change,0.16000000000000003,SELL,-8,0.07,0.07999999999999996
2026-01-03T23:35:27.904139Z,price_change,0.20999999999999996,SELL,-1085,0.07,0.07999999999999996
2026-01-03T23:35:28.30998Z,price_change,0.16000000000000003,SELL,405,0.07,0.07999999999999996
2026-01-03T23:35:28.311611Z,price_change,0.20999999999999996,SELL,755,0.07,0.07999999999999996
2026-01-03T23:35:32.592467Z,price_change,0.12,SELL,-952,0.07,0.07999999999999996
2026-01-03T23:35:32.594012Z,price_change,0.20999999999999996,SELL,-755,0.07,0.07999999999999996
2026-01-03T23:35:32.77487Z,price_change,0.12,SELL,999,0.07,0.07999999999999996
2026-01-03T23:35:32.7757Z,price_change,0.20999999999999996,SELL,708,0.07,0.07999999999999996
2026-01-03T23:35:32.928295Z,price_change,0.14,SELL,-433,0.07,0.07999999999999996
2026-01-03T23:35:32.929144Z,price_change,0.20999999999999996,SELL,-708,0.07,0.07999999999999996
2026-01-03T23:35:33.320935Z,price_change,0.21999999999999997,SELL,29,0.07,0.07999999999999996
2026-01-03T23:35:33.322566Z,price_change,0.13,SELL,27,0.07,0.07999999999999996
2026-01-03T23:35:33.324379Z,price_change,0.20999999999999996,SELL,1085,0.07,0.07999999999999996
2026-01-03T23:35:33.694692Z,price_change,0.21999999999999997,SELL,-29,0.07,0.07999999999999996
2026-01-03T23:35:33.69642Z,price_change,0.20999999999999996,SELL,-1085,0.07,0.07999999999999996
2026-01-03T23:35:33.924456Z,price_change,0.14,SELL,433,0.07,0.07999999999999996
2026-01-03T23:35:33.925633Z,price_change,0.20999999999999996,SELL,681,0.07,0.07999999999999996
2026-01-03T23:35:34.333557Z,price_change,0.18999999999999995,SELL,-146,0.07,0.07999999999999996
2026-01-03T23:35:34.3351Z,price_change,0.20999999999999996,SELL,-681,0.07,0.07999999999999996
2026-01-03T23:35:34.589999Z,price_change,0.18999999999999995,SELL,23,0.07,0.07999999999999996
2026-01-03T23:35:34.591003Z,price_change,0.20999999999999996,SELL,804,0.07,0.07999999999999996
2026-01-03T23:35:35.02984Z,price_change,0.18999999999999995,SELL,-23,0.07,0.07999999999999996
2026-01-03T23:35:35.030823Z,price_change,0.20999999999999996,SELL,-804,0.07,0.07999999999999996
2026-01-03T23:35:35.208862Z,price_change,0.18999999999999995,SELL,146,0.07,0.07999999999999996
2026-01-03T23:35:35.210083Z,price_change,0.20999999999999996,SELL,681,0.07,0.07999999999999996
2026-01-03T23:35:35.586625Z,price_change,0.14,SELL,-433,0.07,0.07999999999999996
2026-01-03T23:35:35.588455Z,price_change,0.20999999999999996,SELL,-681,0.07,0.07999999999999996
2026-01-03T23:35:35.759935Z,price_change,0.21999999999999997,SELL,29,0.07,0.07999999999999996
2026-01-03T23:35:35.76129Z,price_change,0.20999999999999996,SELL,1085,0.07,0.07999999999999996
2026-01-03T23:35:36.151278Z,price_change,0.21999999999999997,SELL,-29,0.07,0.07999999999999996
2026-01-03T23:35:36.15217Z,price_change,0.20999999999999996,SELL,-1085,0.07,0.07999999999999996
2026-01-03T23:35:36.534206Z,price_change,0.14,SELL,433,0.07,0.07999999999999996
2026-01-03T23:35:36.535593Z,price_change,0.20999999999999996,SELL,681,0.07,0.07999999999999996
2026-01-03T23:35:37.402914Z,price_change,0.14,SELL,-433,0.07,0.07999999999999996
2026-01-03T23:35:37.404428Z,price_change,0.13,SELL,-27,0.07,0.07999999999999996
2026-01-03T23:35:37.405849Z,price_change,0.20999999999999996,SELL,-681,0.07,0.07999999999999996
2026-01-03T23:35:37.732968Z,price_change,0.10999999999999999,SELL,-500,0.07,0.07999999999999996
2026-01-03T23:35:37.777488Z,price_change,0.13,SELL,627,0.07,0.07999999999999996
2026-01-03T23:35:37.778751Z,price_change,0.20999999999999996,SELL,514,0.07,0.07999999999999996
2026-01-03T23:35:55.362437Z,price_change,0.12,SELL,-999,0.07,0.07999999999999996
2026-01-03T23:35:55.364527Z,price_change,0.20999999999999996,SELL,-514,0.07,0.07999999999999996
2026-01-03T23:35:55.527034Z,price_change,0.12,SELL,926,0.07,0.07999999999999996
2026-01-03T23:35:55.528739Z,price_change,0.20999999999999996,SELL,587,0.07,0.07999999999999996
2026-01-03T23:35:56.449541Z,price_change,0.10999999999999999,SELL,500,0.07,0.07999999999999996
2026-01-03T23:36:02.090539Z,price_change,0.12,SELL,-926,0.07,0.07999999999999996
2026-01-03T23:36:02.092Z,price_change,0.20999999999999996,SELL,-587,0.07,0.07999999999999996
2026-01-03T23:36:02.460632Z,price_change,0.12,SELL,952,0.07,0.07999999999999996
2026-01-03T23:36:02.462337Z,price_change,0.20999999999999996,SELL,561,0.07,0.07999999999999996
2026-01-03T23:36:02.635444Z,price_change,0.15000000000000002,SELL,-2262,0.07,0.07999999999999996
2026-01-03T23:36:02.638185Z,price_change,0.20999999999999996,SELL,-561,0.07,0.07999999999999996
2026-01-03T23:36:02.93465Z,price_change,0.10999999999999999,SELL,-500,0.07,0.07999999999999996
2026-01-03T23:36:03.06396Z,price_change,0.15000000000000002,SELL,2260,0.07,0.07999999999999996
2026-01-03T23:36:03.064808Z,price_change,0.20999999999999996,SELL,563,0.07,0.07999999999999996
2026-01-03T23:36:03.819186Z,price_change,0.18999999999999995,SELL,-146,0.07,0.07999999999999996
2026-01-03T23:36:03.820084Z,price_change,0.18000000000000005,SELL,-431,0.07,0.07999999999999996
2026-01-03T23:36:03.820907Z,price_change,0.19999999999999996,SELL,-1014,0.07,0.07999999999999996
2026-01-03T23:36:03.822063Z,price_change,0.20999999999999996,SELL,-563,0.07,0.07999999999999996
2026-01-03T23:36:04.308188Z,price_change,0.21999999999999997,SELL,268,0.07,0.07999999999999996
2026-01-03T23:36:04.311399Z,price_change,0.19999999999999996,SELL,801,0.07,0.07999999999999996
2026-01-03T23:36:04.313539Z,price_change,0.20999999999999996,SELL,1085,0.07,0.07999999999999996
2026-01-03T23:36:04.703114Z,price_change,0.21999999999999997,SELL,-268,0.07,0.07999999999999996
2026-01-03T23:36:04.705065Z,price_change,0.19999999999999996,SELL,-801,0.07,0.07999999999999996
2026-01-03T23:36:04.706628Z,price_change,0.20999999999999996,SELL,-1085,0.07,0.07999999999999996
2026-01-03T23:36:04.894489Z,price_change,0.18999999999999995,SELL,146,0.07,0.07999999999999996
2026-01-03T23:36:04.895933Z,price_change,0.18000000000000005,SELL,431,0.07,0.07999999999999996
2026-01-03T23:36:04.897636Z,price_change,0.19999999999999996,SELL,1014,0.07,0.07999999999999996
2026-01-03T23:36:04.899192Z,price_change,0.20999999999999996,SELL,563,0.07,0.07999999999999996
2026-01-03T23:36:32.395235Z,price_change,0.15000000000000002,SELL,-2260,0.07,0.07999999999999996
2026-01-03T23:36:32.396886Z,price_change,0.20999999999999996,SELL,-563,0.07,0.07999999999999996
2026-01-03T23:36:32.544266Z,price_change,0.15000000000000002,SELL,2309,0.07,0.07999999999999996
2026-01-03T23:36:32.545482Z,price_change,0.20999999999999996,SELL,514,0.07,0.07999999999999996
2026-01-03T23:36:33.950795Z,price_change,0.15000000000000002,SELL,-2309,0.07,0.07999999999999996
2026-01-03T23:36:33.952383Z,price_change,0.20999999999999996,SELL,-514,0.07,0.07999999999999996
2026-01-03T23:36:34.312672Z,price_change,0.15000000000000002,SELL,2227,0.07,0.07999999999999996
2026-01-03T23:36:34.314085Z,price_change,0.20999999999999996,SELL,596,0.07,0.07999999999999996
2026-01-03T23:37:02.607994Z,price_change,0.15000000000000002,SELL,-2227,0.07,0.07999999999999996
2026-01-03T23:37:02.60961Z,price_change,0.20999999999999996,SELL,-596,0.07,0.07999999999999996
2026-01-03T23:37:02.799963Z,price_change,0.15000000000000002,SELL,2309,0.07,0.07999999999999996
2026-01-03T23:37:02.801233Z,price_change,0.20999999999999996,SELL,514,0.07,0.07999999999999996
2026-01-03T23:37:04.615054Z,price_change,0.15000000000000002,SELL,-2309,0.07,0.07999999999999996
2026-01-03T23:37:04.616512Z,price_change,0.20999999999999996,SELL,-514,0.07,0.07999999999999996
2026-01-03T23:37:04.996099Z,price_change,0.15000000000000002,SELL,1977,0.07,0.07999999999999996
2026-01-03T23:37:04.996839Z,price_change,0.20999999999999996,SELL,846,0.07,0.07999999999999996
2026-01-03T23:37:22.856453Z,price_change,0.07999999999999996,SELL,-93,0.07,0.08
2026-01-03T23:37:29.680717Z,price_change,0.12,SELL,-952,0.07,0.08
2026-01-03T23:37:29.681578Z,price_change,0.20999999999999996,SELL,-846,0.07,0.08
2026-01-03T23:37:29.838262Z,price_change,0.12,SELL,941,0.07,0.08
2026-01-03T23:37:29.839732Z,price_change,0.20999999999999996,SELL,857,0.07,0.08
2026-01-03T23:37:30.002259Z,price_change,0.12,SELL,-941,0.07,0.08
2026-01-03T23:37:30.004612Z,price_change,0.20999999999999996,SELL,-857,0.07,0.08
2026-01-03T23:37:30.585652Z,price_change,0.12,SELL,952,0.07,0.08
2026-01-03T23:37:30.587402Z,price_change,0.20999999999999996,SELL,846,0.07,0.08
2026-01-03T23:37:32.085273Z,price_change,0.15000000000000002,SELL,-1977,0.07,0.08
2026-01-03T23:37:32.086391Z,price_change,0.20999999999999996,SELL,-846,0.07,0.08
2026-01-03T23:37:32.26767Z,price_change,0.15000000000000002,SELL,2309,0.07,0.08
2026-01-03T23:37:32.269528Z,price_change,0.20999999999999996,SELL,514,0.07,0.08
2026-01-03T23:37:33.81163Z,price_change,0.15000000000000002,SELL,-2309,0.07,0.08
2026-01-03T23:37:33.813226Z,price_change,0.20999999999999996,SELL,-514,0.07,0.08
2026-01-03T23:37:34.015576Z,price_change,0.15000000000000002,SELL,2262,0.07,0.08
2026-01-03T23:37:34.016595Z,price_change,0.20999999999999996,SELL,561,0.07,0.08
2026-01-03T23:37:40.009491Z,price_change,0.10999999999999999,SELL,-93,0.07,0.08
2026-01-03T23:37:40.961524Z,price_change,0.09999999999999998,SELL,1000,0.07,0.08
2026-01-03T23:37:41.102164Z,price_change,0.09999999999999998,SELL,-1000,0.07,0.08
2026-01-03T23:37:48.195614Z,price_change,0.76,SELL,-8,0.07,0.08
2026-01-03T23:37:48.242611Z,price_change,0.76,SELL,8,0.07,0.08
2026-01-03T23:38:07.433356Z,price_change,0.15000000000000002,SELL,-2262,0.07,0.08
2026-01-03T23:38:07.434842Z,price_change,0.20999999999999996,SELL,-561,0.07,0.08
2026-01-03T23:38:07.627414Z,price_change,0.15000000000000002,SELL,2309,0.07,0.08
2026-01-03T23:38:07.629016Z,price_change,0.20999999999999996,SELL,514,0.07,0.08
2026-01-03T23:38:08.241543Z,price_change,0.15000000000000002,SELL,-2309,0.07,0.08
2026-01-03T23:38:08.242521Z,price_change,0.20999999999999996,SELL,-514,0.07,0.08
2026-01-03T23:38:08.770602Z,price_change,0.15000000000000002,SELL,2262,0.07,0.08
2026-01-03T23:38:08.772115Z,price_change,0.20999999999999996,SELL,561,0.07,0.08
2026-01-03T23:38:32.086702Z,price_change,0.15000000000000002,SELL,-2262,0.07,0.08
2026-01-03T23:38:32.08759Z,price_change,0.20999999999999996,SELL,-561,0.07,0.08
2026-01-03T23:38:32.236681Z,price_change,0.15000000000000002,SELL,2309,0.07,0.08
2026-01-03T23:38:32.237813Z,price_change,0.20999999999999996,SELL,514,0.07,0.08
2026-01-03T23:39:58.447176Z,price_change,0.09999999999999998,SELL,-6,0.07,0.08
2026-01-03T23:39:58.504268Z,price_change,0.09999999999999998,SELL,-23,0.07,0.08
2026-01-03T23:39:58.910683Z,price_change,0.15000000000000002,SELL,-32,0.07,0.08
2026-01-03T23:39:59.030378Z,price_change,0.16000000000000003,SELL,-45,0.07,0.08
2026-01-03T23:39:59.13273Z,price_change,0.16000000000000003,SELL,-9,0.07,0.08
2026-01-03T23:39:59.204998Z,price_change,0.16000000000000003,SELL,-23,0.07,0.08
2026-01-03T23:39:59.277729Z,price_change,0.20999999999999996,SELL,-114,0.07,0.08
2026-01-03T23:39:59.363166Z,price_change,0.07999999999999996,SELL,-28,0.07,0.07999999999999996
2026-01-03T23:39:59.470877Z,price_change,0.07999999999999996,SELL,-8,0.07,0.08
2026-01-03T23:39:59.542354Z,price_change,0.08999999999999997,SELL,75,0.07,0.08
2026-01-03T23:39:59.592394Z,price_change,0.10999999999999999,SELL,55,0.07,0.08
2026-01-03T23:39:59.684956Z,price_change,0.12,SELL,26,0.07,0.08
2026-01-03T23:39:59.77019Z,price_change,0.17000000000000004,SELL,143,0.07,0.08
2026-01-03T23:39:59.843733Z,price_change,0.21999999999999997,SELL,142,0.07,0.08
2026-01-03T23:40:00.233227Z,price_change,0.06,BUY,-143,0.07,0.08
2026-01-03T23:40:00.357686Z,price_change,0.06,BUY,-42,0.07,0.08
2026-01-03T23:40:00.457873Z,price_change,0.01,BUY,440,0.07,0.08
2026-01-03T23:40:00.562331Z,price_change,0.03,BUY,178,0.07,0.08
2026-01-03T23:40:00.713195Z,price_change,0.07,BUY,247,0.07,0.08
2026-01-03T23:40:03.116168Z,price_change,0.17000000000000004,SELL,-602,0.07,0.08
2026-01-03T23:40:03.117618Z,price_change,0.20999999999999996,SELL,-514,0.07,0.08
2026-01-03T23:40:03.813175Z,price_change,0.17000000000000004,SELL,562,0.07,0.08
2026-01-03T23:40:03.814437Z,price_change,0.20999999999999996,SELL,554,0.07,0.08
2026-01-03T23:40:04.218464Z,price_change,0.17000000000000004,SELL,-562,0.07,0.08
2026-01-03T23:40:04.220367Z,price_change,0.20999999999999996,SELL,-554,0.07,0.08
2026-01-03T23:40:04.676355Z,price_change,0.17000000000000004,SELL,602,0.07,0.08
2026-01-03T23:40:04.677981Z,price_change,0.20999999999999996,SELL,514,0.07,0.08
2026-01-03T23:40:24.691358Z,price_change,0.10999999999999999,SELL,20,0.07,0.08
2026-01-03T23:40:24.711206Z,price_change,0.10999999999999999,SELL,19,0.07,0.08
2026-01-03T23:40:24.712782Z,price_change,0.10999999999999999,SELL,19,0.07,0.08
2026-01-03T23:40:25.625559Z,price_change,0.18999999999999995,SELL,-146,0.07,0.08
2026-01-03T23:40:25.626404Z,price_change,0.18000000000000005,SELL,-431,0.07,0.08
2026-01-03T23:40:25.627617Z,price_change,0.19999999999999996,SELL,-1014,0.07,0.08
2026-01-03T23:40:25.628589Z,price_change,0.20999999999999996,SELL,-514,0.07,0.08
2026-01-03T23:40:26.029965Z,price_change,0.21999999999999997,SELL,71,0.07,0.08
2026-01-03T23:40:26.03106Z,price_change,0.19999999999999996,SELL,949,0.07,0.08
2026-01-03T23:40:26.032126Z,price_change,0.20999999999999996,SELL,1085,0.07,0.08
2026-01-03T23:40:26.419961Z,price_change,0.21999999999999997,SELL,-71,0.07,0.08
2026-01-03T23:40:26.421028Z,price_change,0.19999999999999996,SELL,-949,0.07,0.08
2026-01-03T23:40:26.422102Z,price_change,0.20999999999999996,SELL,-1085,0.07,0.08
2026-01-03T23:40:26.622909Z,price_change,0.18999999999999995,SELL,146,0.07,0.08
2026-01-03T23:40:26.623844Z,price_change,0.18000000000000005,SELL,431,0.07,0.08
2026-01-03T23:40:26.624585Z,price_change,0.19999999999999996,SELL,1014,0.07,0.08
2026-01-03T23:40:26.625307Z,price_change,0.20999999999999996,SELL,514,0.07,0.08
2026-01-03T23:40:53.677577Z,price_change,0.13,SELL,-627,0.07,0.08
2026-01-03T23:40:53.678532Z,price_change,0.20999999999999996,SELL,-514,0.07,0.08
2026-01-03T23:40:53.885673Z,price_change,0.13,SELL,683,0.07,0.08
2026-01-03T23:40:53.887351Z,price_change,0.20999999999999996,SELL,458,0.07,0.08
2026-01-03T23:40:54.085711Z,price_change,0.07999999999999996,SELL,-74,0.07,0.07999999999999996
2026-01-03T23:40:54.085711Z,price_change,0.07999999999999996,SELL,-41,0.07,0.08
2026-01-03T23:40:54.905344Z,price_change,0.15000000000000002,SELL,-2309,0.07,0.08
2026-01-03T23:40:54.906626Z,price_change,0.20999999999999996,SELL,-458,0.07,0.08
2026-01-03T23:40:55.325187Z,price_change,0.15000000000000002,SELL,2084,0.07,0.08
2026-01-03T23:40:55.326006Z,price_change,0.20999999999999996,SELL,683,0.07,0.08
2026-01-03T23:40:55.711046Z,price_change,0.15000000000000002,SELL,-2084,0.07,0.08
2026-01-03T23:40:55.71228Z,price_change,0.20999999999999996,SELL,-683,0.07,0.08
2026-01-03T23:40:56.154503Z,price_change,0.15000000000000002,SELL,1753,0.07,0.08
2026-01-03T23:40:56.156301Z,price_change,0.20999999999999996,SELL,1014,0.07,0.08
2026-01-03T23:40:59.357764Z,price_change,0.15000000000000002,SELL,-1753,0.07,0.08
2026-01-03T23:40:59.362001Z,price_change,0.20999999999999996,SELL,-1014,0.07,0.08
2026-01-03T23:40:59.715496Z,price_change,0.15000000000000002,SELL,1864,0.07,0.08
2026-01-03T23:40:59.717312Z,price_change,0.20999999999999996,SELL,903,0.07,0.08
2026-01-03T23:41:00.210775Z,price_change,0.09999999999999998,SELL,1000,0.07,0.08
2026-01-03T23:41:00.60458Z,price_change,0.09999999999999998,SELL,-1000,0.07,0.08
2026-01-03T23:41:01.963802Z,price_change,0.10999999999999999,SELL,-151,0.07,0.08
2026-01-03T23:41:15.946455Z,price_change,0.76,SELL,-8,0.07,0.08
2026-01-03T23:41:15.973029Z,price_change,0.76,SELL,8,0.07,0.08
2026-01-03T23:41:19.860659Z,price_change,0.15000000000000002,SELL,-1864,0.07,0.08
2026-01-03T23:41:19.862335Z,price_change,0.20999999999999996,SELL,-903,0.07,0.08
2026-01-03T23:41:20.222458Z,price_change,0.15000000000000002,SELL,1816,0.07,0.08
2026-01-03T23:41:20.224043Z,price_change,0.20999999999999996,SELL,951,0.07,0.08
2026-01-03T23:41:20.604948Z,price_change,0.15000000000000002,SELL,-1816,0.07,0.08
2026-01-03T23:41:20.606217Z,price_change,0.20999999999999996,SELL,-951,0.07,0.08
2026-01-03T23:41:24.30598Z,price_change,0.15000000000000002,SELL,1767,0.07,0.08
2026-01-03T23:41:24.307688Z,price_change,0.20999999999999996,SELL,1000,0.07,0.08
2026-01-03T23:41:28.098386Z,price_change,0.13,SELL,-683,0.07,0.08
2026-01-03T23:41:28.099913Z,price_change,0.20999999999999996,SELL,-1000,0.07,0.08
2026-01-03T23:41:28.242619Z,price_change,0.13,SELL,627,0.07,0.08
2026-01-03T23:41:28.243538Z,price_change,0.20999999999999996,SELL,1056,0.07,0.08
2026-01-03T23:41:48.261029Z,price_change,0.12,SELL,-952,0.07,0.08
2026-01-03T23:41:48.262088Z,price_change,0.20999999999999996,SELL,-1056,0.07,0.08
2026-01-03T23:41:48.414316Z,price_change,0.21999999999999997,SELL,15,0.07,0.08
2026-01-03T23:41:48.415476Z,price_change,0.12,SELL,908,0.07,0.08
2026-01-03T23:41:48.419816Z,price_change,0.20999999999999996,SELL,1085,0.07,0.08
2026-01-03T23:41:48.791755Z,price_change,0.21999999999999997,SELL,-15,0.07,0.08
2026-01-03T23:41:48.793814Z,price_change,0.12,SELL,-908,0.07,0.08
2026-01-03T23:41:48.795805Z,price_change,0.20999999999999996,SELL,-1085,0.07,0.08
2026-01-03T23:41:49.008019Z,price_change,0.12,SELL,952,0.07,0.08
2026-01-03T23:41:49.009442Z,price_change,0.20999999999999996,SELL,1056,0.07,0.08
2026-01-03T23:41:49.651254Z,price_change,0.18999999999999995,SELL,-146,0.07,0.08
2026-01-03T23:41:49.652283Z,price_change,0.12,SELL,-952,0.07,0.08
2026-01-03T23:41:49.653378Z,price_change,0.19999999999999996,SELL,-1014,0.07,0.08
2026-01-03T23:41:49.654356Z,price_change,0.20999999999999996,SELL,-1056,0.07,0.08
2026-01-03T23:41:50.006108Z,price_change,0.22999999999999998,SELL,82,0.07,0.08
2026-01-03T23:41:50.008446Z,price_change,0.12,SELL,999,0.07,0.08
2026-01-03T23:41:50.009333Z,price_change,0.19999999999999996,SELL,1002,0.07,0.08
2026-01-03T23:41:50.010302Z,price_change,0.20999999999999996,SELL,1085,0.07,0.08
2026-01-03T23:41:50.373935Z,price_change,0.22999999999999998,SELL,-82,0.07,0.08
2026-01-03T23:41:50.37506Z,price_change,0.19999999999999996,SELL,-1002,0.07,0.08
2026-01-03T23:41:50.375872Z,price_change,0.15000000000000002,SELL,-1767,0.07,0.08
2026-01-03T23:41:50.376762Z,price_change,0.20999999999999996,SELL,-1085,0.07,0.08
2026-01-03T23:41:50.793019Z,price_change,0.18999999999999995,SELL,146,0.07,0.08
2026-01-03T23:41:50.794021Z,price_change,0.19999999999999996,SELL,1014,0.07,0.08
2026-01-03T23:41:50.795186Z,price_change,0.15000000000000002,SELL,1818,0.07,0.08
2026-01-03T23:41:50.79614Z,price_change,0.20999999999999996,SELL,958,0.07,0.08
2026-01-03T23:42:04.037219Z,price_change,0.12,SELL,-999,0.07,0.08
2026-01-03T23:42:04.038622Z,price_change,0.20999999999999996,SELL,-958,0.07,0.08
2026-01-03T23:42:04.178925Z,price_change,0.12,SELL,952,0.07,0.08
2026-01-03T23:42:04.180317Z,price_change,0.20999999999999996,SELL,1005,0.07,0.08
2026-01-03T23:42:04.919459Z,price_change,0.18999999999999995,SELL,-146,0.07,0.08
2026-01-03T23:42:04.92073Z,price_change,0.19999999999999996,SELL,-1014,0.07,0.08
2026-01-03T23:42:04.922537Z,price_change,0.20999999999999996,SELL,-1005,0.07,0.08
2026-01-03T23:42:05.114698Z,price_change,0.22999999999999998,SELL,78,0.07,0.08
2026-01-03T23:42:05.11609Z,price_change,0.19999999999999996,SELL,1002,0.07,0.08
2026-01-03T23:42:05.117698Z,price_change,0.20999999999999996,SELL,1085,0.07,0.08
2026-01-03T23:42:05.525477Z,price_change,0.22999999999999998,SELL,-78,0.07,0.08
