timestamp,event_type,price,side,size,best_bid,best_ask
,book,0.1600,BUY,22134,0.1600,0.8200
,book,0.8200,SELL,120,0.1600,0.8200
2025-12-10T00:46:28.710787Z,price_change,0.0100,BUY,39,,
2025-12-10T00:46:28.712579Z,price_change,0.0200,BUY,34,,
2025-12-10T00:46:28.714443Z,price_change,0.0400,BUY,33,,
2025-12-10T00:46:28.716065Z,price_change,0.0500,BUY,28,,
2025-12-10T00:46:28.717818Z,price_change,0.0600,BUY,27,,
2025-12-10T00:46:28.719555Z,price_change,0.0700,BUY,24,,
2025-12-10T00:46:28.721406Z,price_change,0.6700,SELL,48,,
2025-12-10T00:46:28.723327Z,price_change,0.6800,SELL,41,,
2025-12-10T00:46:28.725439Z,price_change,0.6900,SELL,39,,
2025-12-10T00:46:28.727061Z,price_change,0.7000,SELL,33,,
2025-12-10T00:46:28.728657Z,price_change,0.7100,SELL,41,,
2025-12-10T00:46:28.730336Z,price_change,0.7200,SELL,27,,
2025-12-10T00:46:28.732262Z,price_change,0.7300,SELL,24,,
2025-12-10T00:53:43.089781Z,price_change,0.8200,SELL,-120,,
2025-12-10T00:54:12.703147Z,price_change,0.8200,SELL,12,,
2025-12-10T00:54:13.144778Z,price_change,0.8200,SELL,12,,
2025-12-10T00:54:13.345846Z,price_change,0.8200,SELL,12,,
2025-12-10T00:54:14.080044Z,price_change,0.8200,SELL,12,,
2025-12-10T00:54:14.347424Z,price_change,0.8200,SELL,12,,
2025-12-10T00:54:14.741183Z,price_change,0.8200,SELL,12,,
2025-12-10T00:54:15.037644Z,price_change,0.8200,SELL,12,,
2025-12-10T00:54:15.656666Z,price_change,0.8200,SELL,12,,
2025-12-10T00:54:16.542771Z,price_change,0.8200,SELL,12,,
2025-12-10T00:54:17.189708Z,price_change,0.8200,SELL,12,,
2025-12-10T00:55:01.749046Z,price_change,0.8200,SELL,-12,,
2025-12-10T01:01:58.641278Z,price_change,0.8200,SELL,-108,,
2025-12-10T01:02:31.437601Z,price_change,0.8200,SELL,12,,
2025-12-10T01:02:41.078423Z,price_change,0.8200,SELL,12,,
2025-12-10T01:02:42.577886Z,price_change,0.8200,SELL,12,,
2025-12-10T01:02:43.879359Z,price_change,0.8200,SELL,12,,
2025-12-10T01:02:45.479254Z,price_change,0.8200,SELL,12,,
2025-12-10T01:02:46.877519Z,price_change,0.8200,SELL,9,,
2025-12-10T01:02:57.257391Z,price_change,0.8200,SELL,-57,,
2025-12-10T01:02:57.799221Z,price_change,0.8200,SELL,12,,
2025-12-10T01:02:58.1167Z,price_change,0.8200,SELL,12,,
2025-12-10T01:02:58.320714Z,price_change,0.8200,SELL,12,,
2025-12-10T01:02:58.517114Z,price_change,0.8200,SELL,12,,
2025-12-10T01:02:58.799567Z,price_change,0.8200,SELL,-48,,
2025-12-10T01:02:59.452311Z,price_change,0.8200,SELL,12,,
2025-12-10T01:02:59.645914Z,price_change,0.8200,SELL,12,,
2025-12-10T01:02:59.930145Z,price_change,0.8200,SELL,12,,
2025-12-10T01:03:00.379017Z,price_change,0.8200,SELL,12,,
2025-12-10T01:03:00.577391Z,price_change,0.8200,SELL,-48,,
2025-12-10T01:03:00.949527Z,price_change,0.8200,SELL,12,,
2025-12-10T01:03:01.215917Z,price_change,0.8200,SELL,12,,
2025-12-10T01:03:01.552407Z,price_change,0.8200,SELL,12,,
2025-12-10T01:03:01.752356Z,price_change,0.8200,SELL,12,,
2025-12-10T01:03:02.140182Z,price_change,0.8200,SELL,-48,,
2025-12-10T01:03:02.508864Z,price_change,0.8200,SELL,12,,
2025-12-10T01:03:02.701698Z,price_change,0.8200,SELL,12,,
2025-12-10T01:03:02.909999Z,price_change,0.8200,SELL,12,,
2025-12-10T01:03:03.107523Z,price_change,0.8200,SELL,12,,
2025-12-10T01:03:03.604373Z,price_change,0.8200,SELL,-48,,
2025-12-10T01:03:04.68991Z,price_change,0.8200,SELL,12,,
2025-12-10T01:03:06.190864Z,price_change,0.8200,SELL,12,,
2025-12-10T01:03:07.284811Z,price_change,0.8200,SELL,-24,,
2025-12-10T01:03:08.685458Z,price_change,0.8200,SELL,12,,
2025-12-10T01:03:09.887335Z,price_change,0.8200,SELL,12,,
2025-12-10T01:03:11.085929Z,price_change,0.8200,SELL,-24,,
2025-12-10T01:03:13.187639Z,price_change,0.8200,SELL,12,,
2025-12-10T01:03:13.887784Z,price_change,0.8200,SELL,12,,
2025-12-10T01:03:14.887743Z,price_change,0.8200,SELL,-24,,
2025-12-10T01:03:15.986512Z,price_change,0.8200,SELL,12,,
2025-12-10T01:03:16.487248Z,price_change,0.8200,SELL,12,,
2025-12-10T01:03:16.887895Z,price_change,0.8200,SELL,-24,,
2025-12-10T01:03:18.912195Z,price_change,0.8200,SELL,-12,,
2025-12-10T01:03:19.321874Z,price_change,0.8200,SELL,12,,
2025-12-10T01:03:19.486163Z,price_change,0.8200,SELL,12,,
2025-12-10T01:03:22.084134Z,price_change,0.8200,SELL,-12,,
2025-12-10T01:03:25.354521Z,price_change,0.1400,BUY,2,,
2025-12-10T01:03:25.683675Z,price_change,0.1400,BUY,-2,,
2025-12-10T01:03:29.68849Z,price_change,0.8200,SELL,12,,
2025-12-10T01:03:32.688174Z,price_change,0.8200,SELL,-12,,
2025-12-10T01:03:35.717268Z,price_change,0.8200,SELL,12,,
2025-12-10T01:03:36.692939Z,price_change,0.1400,BUY,2,,
2025-12-10T01:03:36.816704Z,price_change,0.1400,BUY,-2,,
2025-12-10T01:03:37.374054Z,price_change,0.8200,SELL,-12,,
2025-12-10T01:03:46.074072Z,price_change,0.1400,BUY,2,,
2025-12-10T01:03:46.193438Z,price_change,0.1400,BUY,-2,,
2025-12-10T01:04:07.148982Z,price_change,0.8200,SELL,-12,,
2025-12-10T01:04:07.561713Z,price_change,0.8200,SELL,12,,
2025-12-10T01:04:56.349388Z,price_change,0.8200,SELL,-12,,
2025-12-10T01:04:56.772621Z,price_change,0.8200,SELL,12,,
2025-12-10T01:06:00.443663Z,price_change,0.8200,SELL,-12,,
2025-12-10T01:06:00.854151Z,price_change,0.8200,SELL,12,,
2025-12-10T01:06:49.78278Z,price_change,0.8200,SELL,-12,,
2025-12-10T01:06:50.100929Z,price_change,0.8200,SELL,12,,
2025-12-10T01:07:36.888268Z,price_change,0.8200,SELL,-12,,
2025-12-10T01:07:37.303752Z,price_change,0.8200,SELL,12,,
2025-12-10T01:08:24.216426Z,price_change,0.8200,SELL,-12,,
2025-12-10T01:08:24.652443Z,price_change,0.8200,SELL,12,,
2025-12-10T01:09:12.493903Z,price_change,0.8200,SELL,-12,,
2025-12-10T01:09:12.89202Z,price_change,0.8200,SELL,12,,
2025-12-10T01:10:00.276599Z,price_change,0.8200,SELL,-12,,
2025-12-10T01:10:57.864448Z,price_change,0.8200,SELL,12,,
2025-12-10T01:10:58.076916Z,price_change,0.8200,SELL,12,,
2025-12-10T01:10:58.402178Z,price_change,0.8200,SELL,12,,
2025-12-10T01:10:58.708758Z,price_change,0.8200,SELL,12,,
2025-12-10T01:10:59.112128Z,price_change,0.8200,SELL,12,,
2025-12-10T01:10:59.41014Z,price_change,0.8200,SELL,-48,,
2025-12-10T01:10:59.940957Z,price_change,0.8200,SELL,12,,
2025-12-10T01:11:00.238089Z,price_change,0.8200,SELL,12,,
2025-12-10T01:11:00.466673Z,price_change,0.8200,SELL,12,,
2025-12-10T01:11:00.761182Z,price_change,0.8200,SELL,12,,
2025-12-10T01:11:00.957922Z,price_change,0.8200,SELL,-48,,
2025-12-10T01:11:01.427169Z,price_change,0.8200,SELL,12,,
2025-12-10T01:11:43.360649Z,price_change,0.8200,SELL,-12,,
2025-12-10T01:52:51.711507Z,price_change,0.4500,SELL,-627,,
2025-12-10T01:52:51.768318Z,price_change,0.0200,BUY,-613,,
2025-12-10T01:52:51.946765Z,price_change,0.0200,BUY,618,,
2025-12-10T01:52:52.003137Z,price_change,0.4500,SELL,629,,
2025-12-10T02:09:01.929012Z,price_change,0.1600,BUY,-1,,
2025-12-10T02:21:21.106381Z,price_change,0.7900,SELL,241,,
2025-12-10T02:21:21.107061Z,price_change,0.8200,SELL,-12,,
2025-12-10T02:21:21.107061Z,price_change,0.8100,SELL,12,,
2025-12-10T02:21:22.239733Z,price_change,0.8100,SELL,229,,
2025-12-10T02:36:14.310712Z,price_change,0.0400,BUY,-2,,
2025-12-10T02:36:14.50321Z,price_change,0.0500,BUY,-1,,
2025-12-10T02:36:14.694967Z,price_change,0.0600,BUY,-1,,
2025-12-10T02:36:14.878709Z,price_change,0.6700,SELL,-8,,
2025-12-10T02:36:15.077377Z,price_change,0.6800,SELL,-41,,
2025-12-10T02:36:15.173234Z,price_change,0.6800,SELL,-2,,
2025-12-10T02:36:15.363675Z,price_change,0.6900,SELL,-39,,
2025-12-10T02:36:15.447108Z,price_change,0.6900,SELL,-67,,
2025-12-10T02:36:15.616318Z,price_change,0.7000,SELL,-33,,
2025-12-10T02:36:15.696266Z,price_change,0.7000,SELL,-38,,
2025-12-10T02:36:15.891545Z,price_change,0.7100,SELL,-15,,
2025-12-10T02:36:16.046819Z,price_change,0.7200,SELL,-27,,
2025-12-10T02:36:16.190904Z,price_change,0.7200,SELL,-8,,
2025-12-10T02:36:16.379616Z,price_change,0.7300,SELL,-24,,
2025-12-10T02:36:16.47893Z,price_change,0.7300,SELL,-219,,
2025-12-10T02:36:16.666902Z,price_change,0.7400,SELL,-130,,
2025-12-10T02:36:16.742292Z,price_change,0.6600,SELL,652,,
2025-12-10T02:46:00.196975Z,price_change,0.8100,SELL,-241,,
2025-12-10T02:49:23.965686Z,price_change,0.1600,BUY,-100,,
,book,0.1600,BUY,22033,0.1600,0.8100
,book,0.8100,SELL,11598,0.1600,0.8100
2025-12-10T03:48:38.682147Z,price_change,0.7900,SELL,-241,,
2025-12-10T03:48:40.831528Z,price_change,0.7900,SELL,241,,
,book,0.1600,BUY,22033,0.1600,0.8100
,book,0.8100,SELL,11598,0.1600,0.8100
,book,0.1600,BUY,22033,0.1600,0.8100
,book,0.8100,SELL,11598,0.1600,0.8100
2025-12-10T04:31:52.770135Z,price_change,0.7800,SELL,100,,0.78
2025-12-10T04:31:53.249325Z,price_change,0.8100,SELL,6,,0.78
2025-12-10T04:33:03.397472Z,price_change,0.8100,SELL,-6,,0.78
2025-12-10T04:34:14.573897Z,price_change,0.0100,BUY,122,0.01,0.78
2025-12-10T04:34:14.575212Z,price_change,0.0200,BUY,107,0.02,0.78
2025-12-10T04:34:14.576293Z,price_change,0.0200,BUY,28,0.02,0.78
2025-12-10T04:34:14.577438Z,price_change,0.0300,BUY,78,0.03,0.78
2025-12-10T04:34:14.578687Z,price_change,0.0300,BUY,80,0.03,0.78
2025-12-10T04:34:14.579896Z,price_change,0.0400,BUY,101,0.04,0.78
2025-12-10T04:34:14.581265Z,price_change,0.0500,BUY,86,0.05,0.78
2025-12-10T04:34:14.582375Z,price_change,0.0600,BUY,84,0.06,0.78
2025-12-10T04:34:14.584457Z,price_change,0.0700,BUY,76,0.07,0.78
2025-12-10T04:34:14.585899Z,price_change,0.0800,BUY,37,0.08,0.78
2025-12-10T04:34:14.5869Z,price_change,0.6600,SELL,131,0.08,0.66
2025-12-10T04:34:14.588103Z,price_change,0.6700,SELL,129,0.08,0.66
2025-12-10T04:34:14.589545Z,price_change,0.6800,SELL,121,0.08,0.66
2025-12-10T04:34:14.590618Z,price_change,0.6900,SELL,101,0.08,0.66
2025-12-10T04:34:14.591712Z,price_change,0.7000,SELL,86,0.08,0.66
2025-12-10T04:34:14.593043Z,price_change,0.7100,SELL,84,0.08,0.66
2025-12-10T04:34:14.608592Z,price_change,0.7200,SELL,76,0.08,0.66
2025-12-10T04:34:14.611771Z,price_change,0.7300,SELL,28,0.08,0.66
2025-12-10T04:45:05.844028Z,price_change,0.7800,SELL,-100,0.08,0.66
2025-12-10T04:50:02.371347Z,price_change,0.7900,SELL,-241,0.08,0.66
2025-12-10T04:50:03.925516Z,price_change,0.7800,SELL,100,0.08,0.66
2025-12-10T04:53:40.191761Z,price_change,0.7800,SELL,-100,0.08,0.66
2025-12-10T04:58:21.902087Z,price_change,0.8100,SELL,-1231,0.08,0.66
2025-12-10T05:03:44.763583Z,price_change,0.4500,SELL,-613,0.08,0.45
2025-12-10T05:03:44.820077Z,price_change,0.0200,BUY,-616,0.08,0.45
2025-12-10T05:03:44.995439Z,price_change,0.0200,BUY,603,0.08,0.45
2025-12-10T05:03:45.057175Z,price_change,0.4500,SELL,630,0.08,0.45
2025-12-10T05:09:58.625852Z,price_change,0.7800,SELL,100,0.08,0.45
2025-12-10T05:15:40.141398Z,price_change,0.7800,SELL,-100,0.08,0.45
2025-12-10T05:58:20.645203Z,price_change,0.1400,BUY,6,0.14,0.45
2025-12-10T05:58:20.647489Z,price_change,0.7900,SELL,241,0.14,0.45
2025-12-10T06:00:13.712916Z,price_change,0.8100,SELL,-13,0.14,0.45
2025-12-10T06:00:42.109074Z,price_change,0.0100,BUY,-88,0.14,0.45
2025-12-10T06:00:42.264713Z,price_change,0.0200,BUY,-28,0.14,0.45
2025-12-10T06:00:42.38535Z,price_change,0.0200,BUY,-69,0.14,0.45
2025-12-10T06:00:42.571244Z,price_change,0.0300,BUY,-80,0.14,0.45
2025-12-10T06:00:42.677754Z,price_change,0.0300,BUY,-10,0.14,0.45
2025-12-10T06:00:42.861876Z,price_change,0.0400,BUY,-76,0.14,0.45
2025-12-10T06:00:43.095425Z,price_change,0.0500,BUY,-64,0.14,0.45
2025-12-10T06:00:43.291361Z,price_change,0.0600,BUY,-63,0.14,0.45
2025-12-10T06:00:43.540807Z,price_change,0.0700,BUY,-57,0.14,0.45
2025-12-10T06:00:43.728983Z,price_change,0.0800,BUY,-21,0.14,0.45
2025-12-10T06:00:43.933096Z,price_change,0.6600,SELL,-99,0.14,0.45
2025-12-10T06:00:44.145543Z,price_change,0.6700,SELL,-97,0.14,0.45
2025-12-10T06:00:44.384819Z,price_change,0.6800,SELL,-90,0.14,0.45
2025-12-10T06:00:44.630772Z,price_change,0.6900,SELL,-76,0.14,0.45
2025-12-10T06:00:44.868841Z,price_change,0.7000,SELL,-64,0.14,0.45
2025-12-10T06:00:45.071467Z,price_change,0.7100,SELL,-63,0.14,0.45
2025-12-10T06:00:45.293172Z,price_change,0.7200,SELL,-57,0.14,0.45
2025-12-10T06:00:45.544407Z,price_change,0.7300,SELL,-21,0.14,0.45
2025-12-10T06:23:53.209854Z,price_change,0.1400,BUY,-6,0.08,0.45
2025-12-10T06:23:53.211115Z,price_change,0.7900,SELL,-241,0.08,0.45
2025-12-10T06:24:04.521349Z,price_change,0.1400,BUY,1,0.14,0.45
2025-12-10T06:24:04.522665Z,price_change,0.7900,SELL,241,0.14,0.45
2025-12-10T06:37:50.477997Z,price_change,0.0100,BUY,-7,0.14,0.45
2025-12-10T06:37:50.639941Z,price_change,0.0200,BUY,-8,0.14,0.45
2025-12-10T06:37:50.788496Z,price_change,0.0300,BUY,-8,0.14,0.45
2025-12-10T06:37:50.928753Z,price_change,0.0400,BUY,-6,0.14,0.45
2025-12-10T06:37:51.060094Z,price_change,0.0500,BUY,-6,0.14,0.45
2025-12-10T06:37:51.214086Z,price_change,0.0600,BUY,-5,0.14,0.45
2025-12-10T06:37:51.392781Z,price_change,0.0700,BUY,-5,0.14,0.45
2025-12-10T06:37:51.54922Z,price_change,0.0800,BUY,-2,0.14,0.45
2025-12-10T06:37:51.746119Z,price_change,0.6600,SELL,-7,0.14,0.45
2025-12-10T06:37:51.933821Z,price_change,0.6700,SELL,-8,0.14,0.45
2025-12-10T06:37:52.111909Z,price_change,0.6800,SELL,-8,0.14,0.45
2025-12-10T06:37:52.326057Z,price_change,0.6900,SELL,-6,0.14,0.45
2025-12-10T06:37:52.519742Z,price_change,0.7000,SELL,-6,0.14,0.45
2025-12-10T06:37:52.76878Z,price_change,0.7100,SELL,-5,0.14,0.45
2025-12-10T06:37:52.92551Z,price_change,0.7200,SELL,-5,0.14,0.45
2025-12-10T06:37:53.12252Z,price_change,0.7300,SELL,-2,0.14,0.45
2025-12-10T06:38:49.479815Z,price_change,0.4500,SELL,-630,0.14,0.66
2025-12-10T06:38:49.53566Z,price_change,0.0200,BUY,-603,0.14,0.66
2025-12-10T06:38:49.708495Z,price_change,0.0200,BUY,615,0.14,0.66
2025-12-10T06:38:49.767179Z,price_change,0.4500,SELL,627,0.14,0.45
2025-12-10T06:46:24.338701Z,price_change,0.7800,SELL,100,0.14,0.45
2025-12-10T07:24:52.319847Z,price_change,0.8200,SELL,12,0.14,0.45
2025-12-10T07:24:52.581104Z,price_change,0.8100,SELL,12,0.14,0.45
2025-12-10T07:24:52.991356Z,price_change,0.7800,SELL,-100,0.14,0.45
2025-12-10T07:25:51.411621Z,price_change,0.8200,SELL,-12,0.14,0.45
2025-12-10T07:25:51.617457Z,price_change,0.8100,SELL,229,0.14,0.45
2025-12-10T07:25:51.809941Z,price_change,0.8200,SELL,12,0.14,0.45
2025-12-10T07:25:52.124731Z,price_change,0.8100,SELL,-229,0.14,0.45
2025-12-10T07:26:47.304015Z,price_change,0.8200,SELL,-12,0.14,0.45
2025-12-10T07:26:47.509692Z,price_change,0.8100,SELL,229,0.14,0.45
2025-12-10T07:26:47.69832Z,price_change,0.8200,SELL,12,0.14,0.45
2025-12-10T07:26:48.017943Z,price_change,0.8100,SELL,-229,0.14,0.45
2025-12-10T07:27:43.508858Z,price_change,0.8200,SELL,-12,0.14,0.45
2025-12-10T07:27:43.907713Z,price_change,0.8200,SELL,12,0.14,0.45
2025-12-10T07:28:39.169679Z,price_change,0.8200,SELL,-12,0.14,0.45
2025-12-10T07:28:39.565056Z,price_change,0.8200,SELL,12,0.14,0.45
2025-12-10T07:28:39.645319Z,price_change,0.8100,SELL,229,0.14,0.45
2025-12-10T07:28:39.960456Z,price_change,0.8100,SELL,-229,0.14,0.45
2025-12-10T07:29:34.833172Z,price_change,0.8200,SELL,-12,0.14,0.45
2025-12-10T07:29:35.230743Z,price_change,0.8200,SELL,12,0.14,0.45
2025-12-10T07:29:35.658176Z,price_change,0.7800,SELL,100,0.14,0.45
2025-12-10T07:29:35.930173Z,price_change,0.7800,SELL,-100,0.14,0.45
2025-12-10T07:30:29.408141Z,price_change,0.8200,SELL,-12,0.14,0.45
2025-12-10T07:30:29.718459Z,price_change,0.8100,SELL,229,0.14,0.45
2025-12-10T07:30:29.810296Z,price_change,0.8200,SELL,12,0.14,0.45
2025-12-10T07:30:30.011476Z,price_change,0.8100,SELL,-229,0.14,0.45
2025-12-10T07:31:24.024983Z,price_change,0.8200,SELL,-12,0.14,0.45
2025-12-10T07:31:24.222966Z,price_change,0.8100,SELL,229,0.14,0.45
2025-12-10T07:31:24.425209Z,price_change,0.8200,SELL,12,0.14,0.45
2025-12-10T07:31:24.716577Z,price_change,0.8100,SELL,-229,0.14,0.45
2025-12-10T07:32:17.156945Z,price_change,0.8200,SELL,-12,0.14,0.45
2025-12-10T07:32:17.360203Z,price_change,0.8100,SELL,-12,0.14,0.45
2025-12-10T07:32:17.55625Z,price_change,0.8200,SELL,12,0.14,0.45
2025-12-10T07:32:17.90236Z,price_change,0.8100,SELL,12,0.14,0.45
2025-12-10T07:33:10.889544Z,price_change,0.8200,SELL,-12,0.14,0.45
2025-12-10T07:33:11.191574Z,price_change,0.7800,SELL,100,0.14,0.45
2025-12-10T07:33:11.23679Z,price_change,0.8100,SELL,-12,0.14,0.45
2025-12-10T07:33:11.300224Z,price_change,0.8200,SELL,12,0.14,0.45
2025-12-10T07:33:11.722845Z,price_change,0.8100,SELL,12,0.14,0.45
2025-12-10T07:33:11.938769Z,price_change,0.7800,SELL,-100,0.14,0.45
2025-12-10T07:34:04.563058Z,price_change,0.8200,SELL,-12,0.14,0.45
2025-12-10T07:34:04.852494Z,price_change,0.8100,SELL,-12,0.14,0.45
2025-12-10T07:34:04.970051Z,price_change,0.8200,SELL,12,0.14,0.45
2025-12-10T07:34:05.061714Z,price_change,0.7800,SELL,100,0.14,0.45
2025-12-10T07:34:05.41958Z,price_change,0.7800,SELL,-100,0.14,0.45
2025-12-10T07:34:05.524402Z,price_change,0.8100,SELL,12,0.14,0.45
2025-12-10T07:34:58.247643Z,price_change,0.8200,SELL,-12,0.14,0.45
2025-12-10T07:34:58.650039Z,price_change,0.8200,SELL,12,0.14,0.45
2025-12-10T07:35:51.853112Z,price_change,0.8200,SELL,-12,0.14,0.45
2025-12-10T07:35:52.054003Z,price_change,0.8100,SELL,-12,0.14,0.45
2025-12-10T07:35:52.24934Z,price_change,0.8200,SELL,12,0.14,0.45
2025-12-10T07:35:52.893287Z,price_change,0.8100,SELL,12,0.14,0.45
2025-12-10T07:36:44.657376Z,price_change,0.0100,BUY,-19,0.14,0.45
2025-12-10T07:36:44.897415Z,price_change,0.0200,BUY,-18,0.14,0.45
2025-12-10T07:36:45.160125Z,price_change,0.0300,BUY,-17,0.14,0.45
2025-12-10T07:36:45.406612Z,price_change,0.0400,BUY,-14,0.14,0.45
2025-12-10T07:36:45.648677Z,price_change,0.0500,BUY,-12,0.14,0.45
2025-12-10T07:36:45.895536Z,price_change,0.0600,BUY,-12,0.14,0.45
2025-12-10T07:36:45.963141Z,price_change,0.8200,SELL,-12,0.14,0.45
2025-12-10T07:36:46.13104Z,price_change,0.0700,BUY,-11,0.14,0.45
2025-12-10T07:36:46.31308Z,price_change,0.0800,BUY,-4,0.14,0.45
2025-12-10T07:36:46.341951Z,price_change,0.7800,SELL,100,0.14,0.45
2025-12-10T07:36:46.343136Z,price_change,0.8100,SELL,-12,0.14,0.45
2025-12-10T07:36:46.392972Z,price_change,0.8200,SELL,12,0.14,0.45
2025-12-10T07:36:46.527964Z,price_change,0.6600,SELL,-25,0.14,0.45
2025-12-10T07:36:46.529609Z,price_change,0.6600,SELL,-652,0.14,0.45
2025-12-10T07:36:46.794812Z,price_change,0.6700,SELL,-11,0.14,0.45
2025-12-10T07:36:46.87615Z,price_change,0.8100,SELL,12,0.14,0.45
2025-12-10T07:36:46.907288Z,price_change,0.6800,SELL,25,0.14,0.45
2025-12-10T07:36:46.908624Z,price_change,0.6900,SELL,91,0.14,0.45
2025-12-10T07:36:46.910138Z,price_change,0.7000,SELL,58,0.14,0.45
2025-12-10T07:36:46.911288Z,price_change,0.7200,SELL,24,0.14,0.45
2025-12-10T07:36:46.912533Z,price_change,0.7300,SELL,241,0.14,0.45
2025-12-10T07:36:46.914467Z,price_change,0.7400,SELL,140,0.14,0.45
2025-12-10T07:36:47.226941Z,price_change,0.7800,SELL,-100,0.14,0.45
2025-12-10T07:37:39.154513Z,price_change,0.8200,SELL,-12,0.14,0.45
2025-12-10T07:37:39.355298Z,price_change,0.8100,SELL,-12,0.14,0.45
2025-12-10T07:37:39.554693Z,price_change,0.8200,SELL,12,0.14,0.45
2025-12-10T07:37:39.91319Z,price_change,0.8100,SELL,12,0.14,0.45
2025-12-10T07:38:32.054773Z,price_change,0.8200,SELL,-12,0.14,0.45
2025-12-10T07:38:32.450614Z,price_change,0.8200,SELL,12,0.14,0.45
2025-12-10T07:39:24.601649Z,price_change,0.8200,SELL,-12,0.14,0.45
2025-12-10T07:39:24.853964Z,price_change,0.8100,SELL,-12,0.14,0.45
2025-12-10T07:39:25.002567Z,price_change,0.8200,SELL,12,0.14,0.45
2025-12-10T07:39:25.398628Z,price_change,0.8100,SELL,12,0.14,0.45
2025-12-10T07:40:17.027926Z,price_change,0.8200,SELL,-12,0.14,0.45
2025-12-10T07:40:17.422611Z,price_change,0.8200,SELL,12,0.14,0.45
2025-12-10T07:40:17.473552Z,price_change,0.8100,SELL,-12,0.14,0.45
2025-12-10T07:40:18.275644Z,price_change,0.8100,SELL,12,0.14,0.45
2025-12-10T07:41:09.507534Z,price_change,0.8200,SELL,-12,0.14,0.45
2025-12-10T07:41:09.710406Z,price_change,0.8100,SELL,-12,0.14,0.45
2025-12-10T07:41:09.896996Z,price_change,0.8200,SELL,12,0.14,0.45
2025-12-10T07:41:10.297043Z,price_change,0.8100,SELL,12,0.14,0.45
2025-12-10T07:42:01.090884Z,price_change,0.8200,SELL,-12,0.14,0.45
2025-12-10T07:42:01.294035Z,price_change,0.8100,SELL,-12,0.14,0.45
2025-12-10T07:42:01.542099Z,price_change,0.8200,SELL,12,0.14,0.45
2025-12-10T07:42:01.691028Z,price_change,0.7800,SELL,100,0.14,0.45
2025-12-10T07:42:01.896822Z,price_change,0.8100,SELL,12,0.14,0.45
2025-12-10T07:42:02.358241Z,price_change,0.7800,SELL,-100,0.14,0.45
2025-12-10T07:42:53.178371Z,price_change,0.8200,SELL,-12,0.14,0.45
2025-12-10T07:42:53.921654Z,price_change,0.8100,SELL,-12,0.14,0.45
2025-12-10T07:42:54.513461Z,price_change,0.7800,SELL,100,0.14,0.45
2025-12-10T07:43:45.138509Z,price_change,0.8200,SELL,12,0.14,0.45
2025-12-10T07:43:45.549106Z,price_change,0.8100,SELL,12,0.14,0.45
2025-12-10T07:43:45.77002Z,price_change,0.7800,SELL,-100,0.14,0.45
2025-12-10T07:44:35.857927Z,price_change,0.8200,SELL,-12,0.14,0.45
2025-12-10T07:44:36.212652Z,price_change,0.8100,SELL,-12,0.14,0.45
2025-12-10T07:44:38.078077Z,price_change,0.7800,SELL,100,0.14,0.45
2025-12-10T07:45:26.829235Z,price_change,0.8200,SELL,12,0.14,0.45
2025-12-10T07:45:27.432388Z,price_change,0.8100,SELL,12,0.14,0.45
2025-12-10T07:45:28.050515Z,price_change,0.7800,SELL,-100,0.14,0.45
2025-12-10T07:46:17.021732Z,price_change,0.8200,SELL,-12,0.14,0.45
2025-12-10T07:46:17.223664Z,price_change,0.8100,SELL,-12,0.14,0.45
2025-12-10T07:46:17.783335Z,price_change,0.7800,SELL,100,0.14,0.45
2025-12-10T07:47:08.411507Z,price_change,0.8200,SELL,12,0.14,0.45
2025-12-10T07:47:08.83458Z,price_change,0.8100,SELL,12,0.14,0.45
2025-12-10T07:47:09.672265Z,price_change,0.7800,SELL,-100,0.14,0.45
2025-12-10T07:47:59.424168Z,price_change,0.8200,SELL,-12,0.14,0.45
2025-12-10T07:47:59.821005Z,price_change,0.8200,SELL,12,0.14,0.45
2025-12-10T07:48:50.910251Z,price_change,0.8100,SELL,-12,0.14,0.45
2025-12-10T07:48:50.927444Z,price_change,0.8200,SELL,-12,0.14,0.45
2025-12-10T07:48:51.352749Z,price_change,0.8200,SELL,12,0.14,0.45
2025-12-10T07:49:42.114534Z,price_change,0.8200,SELL,-12,0.14,0.45
2025-12-10T07:49:42.508424Z,price_change,0.8200,SELL,12,0.14,0.45
2025-12-10T07:50:33.884325Z,price_change,0.8200,SELL,-12,0.14,0.45
2025-12-10T07:50:34.176606Z,price_change,0.8200,SELL,12,0.14,0.45
2025-12-10T07:50:34.625019Z,price_change,0.7800,SELL,100,0.14,0.45
2025-12-10T07:50:34.77672Z,price_change,0.7800,SELL,-100,0.14,0.45
2025-12-10T07:51:24.453409Z,price_change,0.8200,SELL,-12,0.14,0.45
2025-12-10T07:51:24.863418Z,price_change,0.8200,SELL,12,0.14,0.45
2025-12-10T07:52:15.599604Z,price_change,0.8200,SELL,-12,0.14,0.45
2025-12-10T07:52:15.996395Z,price_change,0.8200,SELL,12,0.14,0.45
2025-12-10T07:52:16.028527Z,price_change,0.7800,SELL,100,0.14,0.45
2025-12-10T07:52:16.450027Z,price_change,0.7800,SELL,-100,0.14,0.45
2025-12-10T07:53:05.936969Z,price_change,0.8200,SELL,-12,0.14,0.45
2025-12-10T07:53:06.341474Z,price_change,0.8200,SELL,12,0.14,0.45
2025-12-10T07:53:56.29682Z,price_change,0.8200,SELL,-12,0.14,0.45
2025-12-10T07:53:56.69228Z,price_change,0.8200,SELL,12,0.14,0.45
2025-12-10T07:53:56.726259Z,price_change,0.7800,SELL,100,0.14,0.45
2025-12-10T07:53:57.353932Z,price_change,0.7800,SELL,-100,0.14,0.45
2025-12-10T07:54:46.942839Z,price_change,0.8200,SELL,-12,0.14,0.45
2025-12-10T07:54:47.34305Z,price_change,0.8200,SELL,12,0.14,0.45
2025-12-10T07:55:37.219163Z,price_change,0.8200,SELL,-12,0.14,0.45
2025-12-10T07:55:37.610106Z,price_change,0.8200,SELL,12,0.14,0.45
2025-12-10T07:56:27.535962Z,price_change,0.8200,SELL,-12,0.14,0.45
2025-12-10T07:56:27.929004Z,price_change,0.8200,SELL,12,0.14,0.45
2025-12-10T07:57:18.065889Z,price_change,0.8200,SELL,-12,0.14,0.45
2025-12-10T07:57:18.457623Z,price_change,0.8200,SELL,12,0.14,0.45
2025-12-10T07:58:08.459301Z,price_change,0.8200,SELL,-12,0.14,0.45
2025-12-10T07:58:08.859102Z,price_change,0.8200,SELL,12,0.14,0.45
2025-12-10T07:58:54.155463Z,price_change,0.8100,SELL,-8318,0.14,0.45
2025-12-10T07:58:58.866272Z,price_change,0.8200,SELL,-12,0.14,0.45
2025-12-10T07:58:59.259981Z,price_change,0.8200,SELL,12,0.14,0.45
2025-12-10T07:59:49.424251Z,price_change,0.8200,SELL,-12,0.14,0.45
2025-12-10T07:59:49.824649Z,price_change,0.8200,SELL,12,0.14,0.45
2025-12-10T08:00:38.893063Z,price_change,0.8200,SELL,-12,0.14,0.45
2025-12-10T08:00:39.289255Z,price_change,0.8200,SELL,12,0.14,0.45
2025-12-10T08:01:28.596025Z,price_change,0.8200,SELL,-12,0.14,0.45
2025-12-10T08:01:28.985217Z,price_change,0.8200,SELL,12,0.14,0.45
2025-12-10T08:01:29.084614Z,price_change,0.7800,SELL,100,0.14,0.45
2025-12-10T08:01:29.396597Z,price_change,0.7800,SELL,-100,0.14,0.45
2025-12-10T08:02:17.822808Z,price_change,0.8200,SELL,-12,0.14,0.45
2025-12-10T08:02:18.224365Z,price_change,0.8200,SELL,12,0.14,0.45
2025-12-10T08:03:07.637179Z,price_change,0.8200,SELL,-12,0.14,0.45
2025-12-10T08:03:08.036205Z,price_change,0.8200,SELL,12,0.14,0.45
2025-12-10T08:03:57.507077Z,price_change,0.8200,SELL,-12,0.14,0.45
2025-12-10T08:03:57.903007Z,price_change,0.8200,SELL,12,0.14,0.45
2025-12-10T08:04:46.820433Z,price_change,0.8200,SELL,-12,0.14,0.45
2025-12-10T08:04:47.219561Z,price_change,0.8200,SELL,12,0.14,0.45
2025-12-10T08:05:35.683828Z,price_change,0.8200,SELL,-12,0.14,0.45
2025-12-10T08:05:36.079271Z,price_change,0.8200,SELL,12,0.14,0.45
2025-12-10T08:06:24.75314Z,price_change,0.8200,SELL,-12,0.14,0.45
2025-12-10T08:06:25.150131Z,price_change,0.8200,SELL,12,0.14,0.45
2025-12-10T08:07:14.289105Z,price_change,0.8200,SELL,-12,0.14,0.45
2025-12-10T08:07:14.67863Z,price_change,0.8200,SELL,12,0.14,0.45
2025-12-10T08:07:14.766731Z,price_change,0.7800,SELL,100,0.14,0.45
2025-12-10T08:07:15.186854Z,price_change,0.7800,SELL,-100,0.14,0.45
2025-12-10T08:08:03.966018Z,price_change,0.8200,SELL,-12,0.14,0.45
2025-12-10T08:08:04.372454Z,price_change,0.8200,SELL,12,0.14,0.45
2025-12-10T08:08:04.453235Z,price_change,0.7800,SELL,100,0.14,0.45
2025-12-10T08:08:04.849453Z,price_change,0.7800,SELL,-100,0.14,0.45
2025-12-10T08:08:53.498604Z,price_change,0.8200,SELL,-12,0.14,0.45
2025-12-10T08:08:53.897123Z,price_change,0.8200,SELL,12,0.14,0.45
2025-12-10T08:09:42.947563Z,price_change,0.8200,SELL,-12,0.14,0.45
2025-12-10T08:09:43.345365Z,price_change,0.8200,SELL,12,0.14,0.45
2025-12-10T08:10:03.33877Z,price_change,0.1400,BUY,-1,0.08,0.45
2025-12-10T08:10:03.339992Z,price_change,0.7900,SELL,-241,0.08,0.45
2025-12-10T08:10:32.119004Z,price_change,0.8200,SELL,-12,0.08,0.45
2025-12-10T08:10:32.517276Z,price_change,0.8200,SELL,12,0.08,0.45
2025-12-10T08:11:21.045121Z,price_change,0.8200,SELL,-12,0.08,0.45
2025-12-10T08:11:21.442323Z,price_change,0.8200,SELL,12,0.08,0.45
2025-12-10T08:11:21.774318Z,price_change,0.7800,SELL,100,0.08,0.45
2025-12-10T08:11:22.264282Z,price_change,0.7800,SELL,-100,0.08,0.45
2025-12-10T08:11:45.684443Z,price_change,0.1400,BUY,1,0.14,0.45
2025-12-10T08:11:45.686289Z,price_change,0.7900,SELL,293,0.14,0.45
2025-12-10T08:12:10.363397Z,price_change,0.8200,SELL,-12,0.14,0.45
2025-12-10T08:12:10.758608Z,price_change,0.8200,SELL,12,0.14,0.45
2025-12-10T08:12:59.234232Z,price_change,0.8200,SELL,-12,0.14,0.45
2025-12-10T08:12:59.628356Z,price_change,0.8200,SELL,12,0.14,0.45
2025-12-10T08:13:24.204362Z,price_change,0.4500,SELL,-627,0.14,0.66
2025-12-10T08:13:24.263986Z,price_change,0.0200,BUY,-615,0.14,0.66
2025-12-10T08:13:24.438216Z,price_change,0.0200,BUY,616,0.14,0.66
2025-12-10T08:13:24.493641Z,price_change,0.4500,SELL,631,0.14,0.45
,book,0.1700,BUY,32,0.1700,0.8100
,book,0.8100,SELL,1968,0.1700,0.8100
2025-12-10T14:33:00.615229Z,price_change,0.4500,SELL,-620,,0.45
2025-12-10T14:33:00.670374Z,price_change,0.0200,BUY,-601,0.02,0.45
2025-12-10T14:33:00.846807Z,price_change,0.0200,BUY,601,,0.45
2025-12-10T14:33:00.906833Z,price_change,0.4500,SELL,628,,0.45
2025-12-10T14:34:13.92953Z,price_change,0.3300,SELL,-6,,0.33
2025-12-10T14:34:13.958582Z,price_change,0.3300,SELL,6,,0.45
,book,0.1700,BUY,32,0.1700,0.8100
,book,0.8100,SELL,1968,0.1700,0.8100
2025-12-10T14:59:05.325153Z,price_change,0.7900,SELL,-232,0.17,0.01
2025-12-10T14:59:05.347715Z,price_change,0.1400,BUY,-48,0.17,0.01
2025-12-10T14:59:17.103585Z,price_change,0.1400,BUY,41,0.17,0.01
2025-12-10T14:59:17.10479Z,price_change,0.7900,SELL,232,0.17,0.01
,book,0.1700,BUY,32,0.1700,0.8100
,book,0.8100,SELL,1968,0.1700,0.8100
2025-12-10T15:08:50.499842Z,price_change,0.7800,SELL,500,0.17,0.81
2025-12-10T15:14:54.253145Z,price_change,0.8100,SELL,-232,0.17,0.81
2025-12-10T15:36:11.6958Z,price_change,0.3300,SELL,-6,0.17,0.81
2025-12-10T15:36:11.753151Z,price_change,0.3300,SELL,6,0.17,0.81
2025-12-10T15:41:23.4481Z,price_change,0.7900,SELL,-232,0.17,0.81
2025-12-10T15:41:23.644604Z,price_change,0.7900,SELL,319,0.17,0.81
2025-12-10T15:41:25.236559Z,price_change,0.7900,SELL,339,0.17,0.81
2025-12-10T15:41:25.241532Z,price_change,0.7900,SELL,-319,0.17,0.81
2025-12-10T15:43:13.664973Z,price_change,0.0200,BUY,24,0.17,0.81
2025-12-10T15:43:13.665919Z,price_change,0.0400,BUY,26,0.17,0.81
2025-12-10T15:43:13.666959Z,price_change,0.6600,SELL,28,0.17,0.81
2025-12-10T15:43:13.667919Z,price_change,0.6700,SELL,28,0.17,0.81
2025-12-10T15:43:13.668873Z,price_change,0.6800,SELL,26,0.17,0.81
2025-12-10T16:07:44.765594Z,price_change,0.1400,BUY,-41,0.17,0.81
2025-12-10T16:07:44.767078Z,price_change,0.7900,SELL,-339,0.17,0.81
2025-12-10T16:07:48.434201Z,price_change,0.8100,SELL,8,0.17,0.81
2025-12-10T16:07:57.422423Z,price_change,0.1400,BUY,2,0.17,0.81
2025-12-10T16:07:57.424452Z,price_change,0.7900,SELL,339,0.17,0.81
2025-12-10T16:08:47.35485Z,price_change,0.4500,SELL,-628,0.17,0.81
2025-12-10T16:08:47.410188Z,price_change,0.0200,BUY,-601,0.17,0.81
2025-12-10T16:08:47.585482Z,price_change,0.0200,BUY,602,0.17,0.81
2025-12-10T16:08:47.64414Z,price_change,0.4500,SELL,623,0.17,0.81
2025-12-10T16:09:29.036317Z,price_change,0.8100,SELL,-8,0.17,0.81
2025-12-10T16:14:27.307064Z,price_change,0.7100,SELL,38,0.17,0.81
2025-12-10T16:14:27.400138Z,price_change,0.6700,SELL,5,0.17,0.81
2025-12-10T16:14:27.644113Z,price_change,0.0200,BUY,280,0.17,0.81
2025-12-10T16:14:27.775772Z,price_change,0.0300,BUY,274,0.17,0.81
2025-12-10T16:14:27.840861Z,price_change,0.0700,BUY,42,0.17,0.81
2025-12-10T16:14:27.907702Z,price_change,0.0900,BUY,12,0.17,0.81
2025-12-10T16:29:06.384326Z,price_change,0.7900,SELL,-339,0.17,0.81
2025-12-10T16:29:06.388507Z,price_change,0.7900,SELL,393,0.17,0.81
2025-12-10T16:43:24.112113Z,price_change,0.3300,SELL,-6,0.17,0.81
2025-12-10T16:43:24.139975Z,price_change,0.3300,SELL,6,0.17,0.81
2025-12-10T17:07:28.544835Z,price_change,0.1400,BUY,-2,0.17,0.81
2025-12-10T17:07:28.546507Z,price_change,0.7900,SELL,-393,0.17,0.81
2025-12-10T17:09:06.020235Z,price_change,0.0300,BUY,-274,0.17,0.81
2025-12-10T17:09:06.11392Z,price_change,0.0700,BUY,-42,0.17,0.81
2025-12-10T17:09:06.249227Z,price_change,0.0900,BUY,-12,0.17,0.81
2025-12-10T17:09:06.383941Z,price_change,0.0200,BUY,572,0.17,0.81
2025-12-10T17:09:06.489495Z,price_change,0.0600,BUY,54,0.17,0.81
2025-12-10T17:09:06.575511Z,price_change,0.0800,BUY,12,0.17,0.81
2025-12-10T17:21:14.019336Z,price_change,0.1400,BUY,2,0.17,0.81
2025-12-10T17:21:14.021022Z,price_change,0.7900,SELL,326,0.17,0.81
2025-12-10T17:21:14.145938Z,price_change,0.7900,SELL,-326,0.17,0.81
2025-12-10T17:21:14.146638Z,price_change,0.7900,SELL,306,0.17,0.81
2025-12-10T17:21:14.480053Z,price_change,0.7900,SELL,286,0.17,0.81
2025-12-10T17:21:14.480899Z,price_change,0.7900,SELL,-306,0.17,0.81
2025-12-10T17:22:08.649243Z,price_change,0.0600,BUY,-54,0.17,0.81
2025-12-10T17:22:08.758419Z,price_change,0.0800,BUY,-12,0.17,0.81
2025-12-10T17:22:08.888939Z,price_change,0.0200,BUY,-572,0.17,0.81
2025-12-10T17:22:08.978643Z,price_change,0.0300,BUY,274,0.17,0.81
2025-12-10T17:22:09.099211Z,price_change,0.0700,BUY,42,0.17,0.81
2025-12-10T17:22:09.234965Z,price_change,0.0900,BUY,12,0.17,0.81
2025-12-10T17:23:25.134896Z,price_change,0.7900,SELL,-286,0.17,0.81
2025-12-10T17:23:25.328735Z,price_change,0.7900,SELL,324,0.17,0.81
2025-12-10T17:25:35.141309Z,price_change,0.8100,SELL,324,0.17,0.81
2025-12-10T17:28:51.597577Z,price_change,0.1400,BUY,-2,0.17,0.81
2025-12-10T17:28:51.599904Z,price_change,0.7900,SELL,-324,0.17,0.81
2025-12-10T17:28:53.301806Z,price_change,0.1400,BUY,2,0.17,0.81
2025-12-10T17:28:53.303582Z,price_change,0.7900,SELL,324,0.17,0.81
2025-12-10T17:28:54.938922Z,price_change,0.1400,BUY,-2,0.17,0.81
2025-12-10T17:28:54.940508Z,price_change,0.7900,SELL,-324,0.17,0.81
2025-12-10T17:28:55.957623Z,price_change,0.1400,BUY,2,0.17,0.81
2025-12-10T17:28:55.959382Z,price_change,0.7900,SELL,324,0.17,0.81
2025-12-10T17:28:58.147637Z,price_change,0.1400,BUY,-2,0.17,0.81
2025-12-10T17:28:58.149262Z,price_change,0.7900,SELL,-324,0.17,0.81
2025-12-10T17:28:59.933883Z,price_change,0.1400,BUY,2,0.17,0.81
2025-12-10T17:28:59.935453Z,price_change,0.7900,SELL,324,0.17,0.81
2025-12-10T17:29:01.806294Z,price_change,0.1400,BUY,-2,0.17,0.81
2025-12-10T17:29:01.807906Z,price_change,0.7900,SELL,-324,0.17,0.81
2025-12-10T17:29:03.103074Z,price_change,0.1400,BUY,2,0.17,0.81
2025-12-10T17:29:03.104809Z,price_change,0.7900,SELL,324,0.17,0.81
2025-12-10T17:29:05.474474Z,price_change,0.7900,SELL,286,0.17,0.81
2025-12-10T17:29:05.477626Z,price_change,0.7900,SELL,-324,0.17,0.81
2025-12-10T17:29:05.7569Z,price_change,0.1400,BUY,-2,0.17,0.81
2025-12-10T17:29:05.75783Z,price_change,0.7900,SELL,-286,0.17,0.81
2025-12-10T17:29:07.725422Z,price_change,0.1400,BUY,2,0.17,0.81
2025-12-10T17:29:07.727256Z,price_change,0.7900,SELL,286,0.17,0.81
2025-12-10T17:29:10.165056Z,price_change,0.7900,SELL,324,0.17,0.81
2025-12-10T17:29:11.340059Z,price_change,0.7900,SELL,-286,0.17,0.81
2025-12-10T17:39:47.893128Z,price_change,0.8100,SELL,-324,0.17,0.81
2025-12-10T17:45:23.29257Z,price_change,0.4500,SELL,-623,0.17,0.81
2025-12-10T17:45:23.351358Z,price_change,0.0200,BUY,-602,0.17,0.81
2025-12-10T17:45:23.527971Z,price_change,0.0200,BUY,615,0.17,0.81
2025-12-10T17:45:23.583713Z,price_change,0.4500,SELL,617,0.17,0.81
2025-12-10T17:45:26.779577Z,price_change,0.8100,SELL,324,0.17,0.81
2025-12-10T17:45:29.417728Z,price_change,0.0500,BUY,25,0.17,0.81
2025-12-10T17:45:29.419368Z,price_change,0.6900,SELL,25,0.17,0.81
2025-12-10T17:47:44.977104Z,price_change,0.1400,BUY,-2,0.17,0.81
2025-12-10T17:47:47.394842Z,price_change,0.7900,SELL,-324,0.17,0.81
2025-12-10T17:47:53.58589Z,price_change,0.7900,SELL,324,0.17,0.81
2025-12-10T17:49:07.547811Z,price_change,0.0300,BUY,-274,0.17,0.81
2025-12-10T17:49:07.667046Z,price_change,0.0700,BUY,-42,0.17,0.81
2025-12-10T17:49:07.808776Z,price_change,0.0900,BUY,-12,0.17,0.81
2025-12-10T17:49:07.933456Z,price_change,0.0200,BUY,572,0.17,0.81
2025-12-10T17:49:08.008834Z,price_change,0.0600,BUY,54,0.17,0.81
2025-12-10T17:49:08.120197Z,price_change,0.0800,BUY,12,0.17,0.81
2025-12-10T17:56:27.998112Z,price_change,0.8100,SELL,-324,0.17,0.81
2025-12-10T17:57:03.911709Z,price_change,0.3300,SELL,-6,0.17,0.81
2025-12-10T17:57:03.941053Z,price_change,0.3300,SELL,6,0.17,0.81
2025-12-10T18:07:41.419987Z,price_change,0.7900,SELL,-324,0.17,0.81
2025-12-10T18:09:47.196229Z,price_change,0.7900,SELL,324,0.17,0.81
2025-12-10T18:21:07.191448Z,price_change,0.7900,SELL,-324,0.17,0.81
2025-12-10T18:21:08.99862Z,price_change,0.7900,SELL,324,0.17,0.81
2025-12-10T18:21:10.586455Z,price_change,0.7900,SELL,-324,0.17,0.81
2025-12-10T18:21:15.182798Z,price_change,0.7900,SELL,306,0.17,0.81
2025-12-10T18:21:15.379739Z,price_change,0.7900,SELL,344,0.17,0.81
2025-12-10T18:21:16.512395Z,price_change,0.7900,SELL,-306,0.17,0.81
2025-12-10T18:21:21.340685Z,price_change,0.7900,SELL,-344,0.17,0.81
2025-12-10T18:21:21.789324Z,price_change,0.7900,SELL,324,0.17,0.81
2025-12-10T18:21:23.282756Z,price_change,0.7900,SELL,-324,0.17,0.81
2025-12-10T18:21:25.642514Z,price_change,0.7900,SELL,324,0.17,0.81
2025-12-10T18:21:25.899554Z,price_change,0.7900,SELL,-324,0.17,0.81
2025-12-10T18:21:27.850882Z,price_change,0.7900,SELL,286,0.17,0.81
2025-12-10T18:21:47.234705Z,price_change,0.7900,SELL,324,0.17,0.81
2025-12-10T18:21:47.244017Z,price_change,0.7900,SELL,-286,0.17,0.81
2025-12-10T18:24:57.045799Z,price_change,0.7800,SELL,-500,0.17,0.81
,book,0.1700,BUY,32,0.1700,0.8100
,book,0.8100,SELL,1736,0.1700,0.8100
2025-12-10T21:03:15.027509Z,price_change,0.4500,SELL,-622,0.17,0.81
2025-12-10T21:03:15.088214Z,price_change,0.0200,BUY,-606,0.17,0.81
2025-12-10T21:03:15.261781Z,price_change,0.0200,BUY,612,0.17,0.81
2025-12-10T21:03:15.320806Z,price_change,0.4500,SELL,629,0.17,0.81
2025-12-10T21:10:57.102732Z,price_change,0.3300,SELL,6,0.17,0.81
2025-12-10T21:29:22.566486Z,price_change,0.7100,SELL,-33,0.17,0.81
2025-12-10T21:29:22.630101Z,price_change,0.7800,SELL,4,0.17,0.81
2025-12-10T21:29:22.687988Z,price_change,0.7600,SELL,6,0.17,0.81
2025-12-10T21:29:22.891735Z,price_change,0.0300,BUY,-138,0.17,0.81
2025-12-10T21:29:22.950247Z,price_change,0.0200,BUY,18,0.17,0.81
2025-12-10T21:29:23.050324Z,price_change,0.0700,BUY,12,0.17,0.81
2025-12-10T21:41:39.398185Z,price_change,0.8100,SELL,-1736,0.17,0.8
2025-12-10T21:42:03.455857Z,price_change,0.7800,SELL,-500,0.17,0.8
2025-12-10T21:42:03.474824Z,price_change,0.7700,SELL,500,0.17,0.8
2025-12-10T21:42:40.288608Z,price_change,0.8000,SELL,736,0.17,0.8
2025-12-10T21:43:04.068354Z,price_change,0.7700,SELL,-500,0.17,0.8
2025-12-10T21:43:04.084357Z,price_change,0.7800,SELL,500,0.17,0.8
2025-12-10T21:45:22.447961Z,price_change,0.6700,SELL,-5,0.17,0.8
2025-12-10T21:45:22.525663Z,price_change,0.8100,SELL,8,0.17,0.81
2025-12-10T21:45:22.620722Z,price_change,0.7800,SELL,5,0.17,0.81
2025-12-10T21:45:22.726145Z,price_change,0.7600,SELL,6,0.17,0.81
2025-12-10T21:45:22.81953Z,price_change,0.7100,SELL,6,0.17,0.81
2025-12-10T21:45:22.9051Z,price_change,0.6000,SELL,17,0.17,0.81
2025-12-10T21:45:23.276226Z,price_change,0.0200,BUY,52,0.17,0.81
2025-12-10T21:45:23.347447Z,price_change,0.0300,BUY,48,0.17,0.81
2025-12-10T21:45:23.47666Z,price_change,0.0900,BUY,18,0.17,0.81
2025-12-10T21:45:23.618417Z,price_change,0.1700,BUY,4,0.17,0.81
2025-12-10T21:48:19.431907Z,price_change,0.6000,SELL,-17,0.17,0.81
2025-12-10T21:48:19.525697Z,price_change,0.6700,SELL,17,0.17,0.81
2025-12-10T21:55:20.784647Z,price_change,0.1400,BUY,-3,0.17,0.81
2025-12-10T21:55:20.786324Z,price_change,0.7900,SELL,-232,0.17,0.81
2025-12-10T21:55:23.139425Z,price_change,0.1400,BUY,3,0.17,0.81
2025-12-10T21:55:23.140736Z,price_change,0.7900,SELL,232,0.17,0.81
2025-12-10T21:55:24.067478Z,price_change,0.1400,BUY,-3,0.17,0.81
2025-12-10T21:55:24.068418Z,price_change,0.7900,SELL,-232,0.17,0.81
2025-12-10T21:55:30.482029Z,price_change,0.1400,BUY,3,0.17,0.81
2025-12-10T21:55:30.485145Z,price_change,0.7900,SELL,232,0.17,0.81
2025-12-10T21:55:37.613822Z,price_change,0.1400,BUY,-3,0.17,0.81
2025-12-10T21:55:37.615298Z,price_change,0.7900,SELL,-232,0.17,0.81
2025-12-10T21:55:41.332723Z,price_change,0.1400,BUY,3,0.17,0.81
2025-12-10T21:55:41.333926Z,price_change,0.7900,SELL,232,0.17,0.81
2025-12-10T22:03:27.363793Z,price_change,0.8200,SELL,10000,0.17,0.82
2025-12-10T22:05:09.908717Z,price_change,0.8100,SELL,-8,0.17,0.82
2025-12-10T22:05:10.017553Z,price_change,0.7800,SELL,-5,0.17,0.82
2025-12-10T22:05:10.122432Z,price_change,0.7800,SELL,-4,0.17,0.82
2025-12-10T22:05:10.453773Z,price_change,0.7600,SELL,-6,0.17,0.82
2025-12-10T22:05:10.578108Z,price_change,0.7600,SELL,-6,0.17,0.82
2025-12-10T22:05:10.686763Z,price_change,0.7100,SELL,-6,0.17,0.82
2025-12-10T22:05:10.819841Z,price_change,0.7100,SELL,-5,0.17,0.82
2025-12-10T22:05:10.952341Z,price_change,0.6700,SELL,-17,0.17,0.82
2025-12-10T22:05:11.351679Z,price_change,0.1700,BUY,-4,0.17,0.82
2025-12-10T22:05:11.470756Z,price_change,0.0200,BUY,-52,0.17,0.82
2025-12-10T22:05:11.559531Z,price_change,0.0200,BUY,-18,0.17,0.82
2025-12-10T22:05:11.712266Z,price_change,0.0200,BUY,-50,0.17,0.82
2025-12-10T22:05:11.790089Z,price_change,0.0300,BUY,-48,0.17,0.82
2025-12-10T22:05:11.884726Z,price_change,0.0300,BUY,-26,0.17,0.82
2025-12-10T22:05:11.977059Z,price_change,0.0700,BUY,-12,0.17,0.82
2025-12-10T22:05:12.117408Z,price_change,0.0700,BUY,-6,0.17,0.82
2025-12-10T22:05:12.250245Z,price_change,0.0900,BUY,-18,0.17,0.82
2025-12-10T22:26:12.005526Z,price_change,0.8000,SELL,-736,0.17,0.82
2025-12-10T22:26:12.005526Z,price_change,0.8200,SELL,736,0.17,0.82
2025-12-10T22:28:26.701119Z,price_change,0.6600,SELL,-28,0.17,0.82
2025-12-10T22:28:26.703022Z,price_change,0.6600,SELL,-485,0.17,0.82
2025-12-10T22:28:26.807934Z,price_change,0.6800,SELL,33,0.17,0.82
2025-12-10T22:28:26.809307Z,price_change,0.6900,SELL,82,0.17,0.82
2025-12-10T22:28:26.810344Z,price_change,0.7000,SELL,54,0.17,0.82
2025-12-10T22:28:26.812213Z,price_change,0.7200,SELL,28,0.17,0.82
2025-12-10T22:28:26.813797Z,price_change,0.7300,SELL,196,0.17,0.82
2025-12-10T22:28:26.815075Z,price_change,0.7400,SELL,110,0.17,0.82
2025-12-10T22:40:57.000636Z,price_change,0.3300,SELL,-6,0.17,0.82
2025-12-10T22:41:07.252287Z,price_change,0.4500,SELL,-629,0.17,0.82
2025-12-10T22:41:07.31334Z,price_change,0.0200,BUY,-612,0.17,0.82
2025-12-10T22:41:07.487886Z,price_change,0.0200,BUY,617,0.17,0.82
2025-12-10T22:41:07.546502Z,price_change,0.4500,SELL,632,0.17,0.82
2025-12-10T22:51:09.736837Z,price_change,0.8200,SELL,-23,0.17,0.82
2025-12-10T22:53:12.225911Z,price_change,0.0200,BUY,89,0.17,0.82
2025-12-10T22:53:12.22729Z,price_change,0.0300,BUY,56,0.17,0.82
2025-12-10T22:53:12.228524Z,price_change,0.0300,BUY,49,0.17,0.82
2025-12-10T22:53:12.229754Z,price_change,0.0400,BUY,95,0.17,0.82
2025-12-10T22:53:12.231045Z,price_change,0.0500,BUY,79,0.17,0.82
2025-12-10T22:53:12.23207Z,price_change,0.0600,BUY,67,0.17,0.82
2025-12-10T22:53:12.233218Z,price_change,0.0700,BUY,65,0.17,0.82
2025-12-10T22:53:12.234436Z,price_change,0.0800,BUY,61,0.17,0.82
2025-12-10T22:53:12.23551Z,price_change,0.0900,BUY,27,0.17,0.82
2025-12-10T22:53:12.236676Z,price_change,0.6700,SELL,108,0.17,0.82
2025-12-10T22:53:12.237599Z,price_change,0.6800,SELL,101,0.17,0.82
2025-12-10T22:53:12.238538Z,price_change,0.6900,SELL,95,0.17,0.82
2025-12-10T22:53:12.239768Z,price_change,0.7000,SELL,79,0.17,0.82
2025-12-10T22:53:12.24135Z,price_change,0.7100,SELL,78,0.17,0.82
2025-12-10T22:53:12.242471Z,price_change,0.7200,SELL,65,0.17,0.82
2025-12-10T22:53:12.243675Z,price_change,0.7300,SELL,61,0.17,0.82
,book,0.1700,BUY,32,0.1700,0.8200
,book,0.8200,SELL,10690,0.1700,0.8200
2025-12-10T23:42:33.691152Z,price_change,0.7900,SELL,232,0.17,0.82
2025-12-10T23:42:35.437265Z,price_change,0.1400,BUY,-9,0.17,0.82
2025-12-10T23:42:35.437265Z,price_change,0.7900,SELL,-232,0.17,0.82
2025-12-10T23:42:35.437265Z,price_change,0.1400,BUY,-2,0.17,0.82
2025-12-10T23:42:35.437265Z,price_change,0.7900,SELL,-232,0.17,0.82
2025-12-10T23:42:35.437265Z,price_change,0.7900,SELL,-232,0.17,0.82
2025-12-10T23:42:35.437265Z,price_change,0.7900,SELL,-232,0.17,0.82
2025-12-10T23:42:45.887726Z,price_change,0.1400,BUY,3,0.17,0.82
2025-12-10T23:42:45.889803Z,price_change,0.7900,SELL,232,0.17,0.82
2025-12-10T23:43:11.034383Z,price_change,0.1400,BUY,-3,0.17,0.82
2025-12-10T23:43:11.035972Z,price_change,0.7900,SELL,-232,0.17,0.82
2025-12-10T23:43:17.450821Z,price_change,0.1400,BUY,151,0.17,0.82
2025-12-10T23:43:17.452378Z,price_change,0.7900,SELL,232,0.17,0.82
,book,0.1700,BUY,5208,0.1700,0.8100
,book,0.8100,SELL,17,0.1700,0.8100
2025-12-13T17:10:51.471929Z,price_change,0.1400,BUY,-10,0.17,0.81
2025-12-13T17:10:51.557572Z,price_change,0.1400,BUY,-10,0.17,0.81
2025-12-13T17:10:51.640378Z,price_change,0.1400,BUY,-10,0.17,0.81
2025-12-13T17:10:51.872201Z,price_change,0.1500,BUY,10,0.17,0.81
2025-12-13T17:10:51.87551Z,price_change,0.1500,BUY,10,0.17,0.81
2025-12-13T17:10:51.883033Z,price_change,0.1500,BUY,10,0.17,0.81
,book,0.1700,BUY,5208,0.1700,0.8100
,book,0.8100,SELL,17,0.1700,0.8100
2025-12-13T17:23:59.788712Z,price_change,0.4500,SELL,-626,0.17,0.99
2025-12-13T17:23:59.846282Z,price_change,0.0200,BUY,-602,0.17,0.99
2025-12-13T17:24:00.023701Z,price_change,0.0200,BUY,600,0.17,0.99
2025-12-13T17:24:00.0806Z,price_change,0.4500,SELL,614,0.17,0.99
2025-12-13T17:24:11.347554Z,price_change,0.1500,BUY,-10,0.17,0.99
2025-12-13T17:24:11.432947Z,price_change,0.1500,BUY,-10,0.17,0.99
2025-12-13T17:24:11.517277Z,price_change,0.1500,BUY,-10,0.17,0.99
2025-12-13T17:24:11.727301Z,price_change,0.1500,BUY,10,0.17,0.99
2025-12-13T17:24:11.749539Z,price_change,0.1500,BUY,10,0.17,0.99
2025-12-13T17:24:11.750276Z,price_change,0.1500,BUY,10,0.17,0.99
,book,0.1700,BUY,3307,0.1700,0.22999999999999998
,book,0.22999999999999998,SELL,996,0.1700,0.22999999999999998
2025-12-13T19:06:17.150368Z,price_change,0.1700,BUY,-10,0.17,0.010000000000000009
2025-12-13T19:06:17.234281Z,price_change,0.1700,BUY,-10,0.17,0.010000000000000009
2025-12-13T19:06:17.318874Z,price_change,0.1700,BUY,-10,0.17,0.010000000000000009
2025-12-13T19:06:17.531362Z,price_change,0.1800,BUY,10,0.18,0.010000000000000009
2025-12-13T19:06:17.556241Z,price_change,0.1800,BUY,10,0.18,0.010000000000000009
2025-12-13T19:06:17.559134Z,price_change,0.1800,BUY,10,0.18,0.010000000000000009
,book,0.1800,BUY,30,0.1800,0.22999999999999998
,book,0.22999999999999998,SELL,996,0.1800,0.22999999999999998
2025-12-13T19:09:56.803564Z,price_change,0.7800,SELL,50,0.18,0.010000000000000009
,book,0.1800,BUY,30,0.1800,0.21999999999999997
,book,0.21999999999999997,SELL,50,0.1800,0.21999999999999997
2025-12-13T19:19:30.753588Z,price_change,0.18,BUY,-10,0.18,0.21999999999999997
2025-12-13T19:19:30.845356Z,price_change,0.18,BUY,-10,0.18,0.21999999999999997
2025-12-13T19:19:30.931413Z,price_change,0.18,BUY,-10,0.17,0.21999999999999997
2025-12-13T19:19:31.144682Z,price_change,0.16,BUY,10,0.17,0.21999999999999997
2025-12-13T19:19:31.171465Z,price_change,0.16,BUY,10,0.17,0.21999999999999997
2025-12-13T19:19:31.175982Z,price_change,0.16,BUY,10,0.17,0.21999999999999997
,book,0.1700,BUY,3277,0.1700,0.21999999999999997
,book,0.21999999999999997,SELL,50,0.1700,0.21999999999999997
,book,0.1700,BUY,3277,0.1700,0
,book,0,SELL,50,0.1700,0
,book,0.1700,BUY,3277,0.1700,0.22
,book,0.22,SELL,50,0.1700,0.22
2025-12-13T19:32:52.459917Z,price_change,0.16,BUY,-10,0.17,0.22
2025-12-13T19:32:52.549116Z,price_change,0.16,BUY,-10,0.17,0.22
2025-12-13T19:32:52.634473Z,price_change,0.16,BUY,-10,0.17,0.22
2025-12-13T19:32:52.848266Z,price_change,0.16,BUY,10,0.17,0.22
2025-12-13T19:32:52.872532Z,price_change,0.16,BUY,10,0.17,0.22
2025-12-13T19:32:52.873222Z,price_change,0.16,BUY,10,0.17,0.22
,book,0.1700,BUY,3277,0.1700,0.22
,book,0.22,SELL,50,0.1700,0.22
,book,0.1700,BUY,3277,0.1700,0.22
,book,0.22,SELL,50,0.1700,0.22
2025-12-13T20:12:27.373128Z,price_change,0.24,SELL,-100,0.17,0.22
,book,0.0700,BUY,90,0.0700,0.09
,book,0.09,SELL,44,0.0700,0.09
2025-12-25T06:17:25.848936Z,price_change,0.6699999999999999,SELL,-6,0.07,0.09
2025-12-25T06:17:25.896631Z,price_change,0.6699999999999999,SELL,6,0.07,0.09
2025-12-25T06:23:03.690275Z,price_change,0.10999999999999999,SELL,-50,0.07,0.09
2025-12-25T06:23:03.77554Z,price_change,0.05,BUY,-11,0.07,0.09
2025-12-25T06:23:03.863158Z,price_change,0.10999999999999999,SELL,-50,0.07,0.09
2025-12-25T06:23:03.947549Z,price_change,0.05,BUY,-11,0.07,0.09
2025-12-25T06:23:04.03223Z,price_change,0.10999999999999999,SELL,-50,0.07,0.09
2025-12-25T06:23:04.11601Z,price_change,0.05,BUY,-11,0.07,0.09
2025-12-25T06:23:04.322772Z,price_change,0.05,BUY,11,0.07,0.09
2025-12-25T06:23:04.323765Z,price_change,0.10999999999999999,SELL,50,0.07,0.09
2025-12-25T06:23:04.347621Z,price_change,0.05,BUY,11,0.07,0.09
2025-12-25T06:23:04.348866Z,price_change,0.05,BUY,11,0.07,0.09
2025-12-25T06:23:04.348966Z,price_change,0.10999999999999999,SELL,50,0.07,0.09
2025-12-25T06:23:04.350143Z,price_change,0.10999999999999999,SELL,50,0.07,0.09
,book,0.0700,BUY,101,0.0700,0.1
,book,0.1,SELL,1370,0.0700,0.1
,book,0.0700,BUY,101,0.0700,0.1
,book,0.1,SELL,1391,0.0700,0.1
,book,0.0700,BUY,28,0.0700,0.09
,book,0.09,SELL,9,0.0700,0.09
2025-12-26T03:20:09.089908Z,price_change,0.08999999999999997,SELL,-9,0.07,0.08999999999999997
2025-12-26T03:20:09.368726Z,price_change,0.08999999999999997,SELL,9,0.07,0.09
2025-12-26T03:20:31.386591Z,price_change,0.08999999999999997,SELL,-9,0.07,0.08999999999999997
2025-12-26T03:20:31.689211Z,price_change,0.08999999999999997,SELL,9,0.07,0.09
2025-12-26T03:20:52.096983Z,price_change,0.08999999999999997,SELL,-9,0.07,0.08999999999999997
2025-12-26T03:20:52.370927Z,price_change,0.08999999999999997,SELL,9,0.07,0.09
2025-12-26T03:21:14.134299Z,price_change,0.08999999999999997,SELL,-9,0.07,0.08999999999999997
2025-12-26T03:21:14.410786Z,price_change,0.08999999999999997,SELL,9,0.07,0.09
2025-12-26T03:21:34.468662Z,price_change,0.08999999999999997,SELL,-9,0.07,0.08999999999999997
2025-12-26T03:21:35.091694Z,price_change,0.08999999999999997,SELL,9,0.07,0.09
2025-12-26T03:21:54.396225Z,price_change,0.08999999999999997,SELL,-9,0.07,0.08999999999999997
2025-12-26T03:21:54.661892Z,price_change,0.08999999999999997,SELL,9,0.07,0.09
,book,0.1400,BUY,147,0.1400,0.15
,book,0.15,SELL,2050,0.1400,0.15
2026-01-03T20:05:42.306155Z,price_change,0.11,BUY,10000,0.14,0.15
2026-01-03T20:05:42.307677Z,price_change,0.16000000000000003,SELL,25,0.14,0.15
,book,0.1400,BUY,147,0.1400,0.15
,book,0.15,SELL,1831,0.1400,0.15
2026-01-03T20:14:54.983943Z,price_change,0.11,BUY,-10000,0.14,0.15
2026-01-03T20:14:54.983943Z,price_change,0.16000000000000003,SELL,-25,0.14,0.15
2026-01-03T20:15:00.113818Z,price_change,0.17000000000000004,SELL,-2000,0.14,0.15
2026-01-03T20:15:06.755326Z,price_change,0.17000000000000004,SELL,2000,0.14,0.15
2026-01-03T20:15:12.312849Z,price_change,0.11,BUY,10000,0.14,0.15
2026-01-03T20:15:12.31451Z,price_change,0.16000000000000003,SELL,25,0.14,0.15
2026-01-03T20:15:34.491671Z,price_change,0.11,BUY,-10000,0.14,0.15
2026-01-03T20:15:34.491671Z,price_change,0.16000000000000003,SELL,-25,0.14,0.15
2026-01-03T20:15:40.570607Z,price_change,0.11,BUY,10000,0.14,0.15
2026-01-03T20:15:40.5716Z,price_change,0.16000000000000003,SELL,25,0.14,0.15
2026-01-03T20:15:53.914632Z,price_change,0.11,BUY,-10000,0.14,0.15
2026-01-03T20:15:53.914632Z,price_change,0.16000000000000003,SELL,-25,0.14,0.15
2026-01-03T20:15:58.150096Z,price_change,0.17000000000000004,SELL,-2000,0.14,0.15
2026-01-03T20:16:06.384145Z,price_change,0.17000000000000004,SELL,2000,0.14,0.15
2026-01-03T20:16:13.410681Z,price_change,0.11,BUY,10000,0.14,0.15
2026-01-03T20:16:13.4122Z,price_change,0.16000000000000003,SELL,25,0.14,0.15
2026-01-03T20:16:32.632552Z,price_change,0.11,BUY,-10000,0.14,0.15
2026-01-03T20:16:32.632552Z,price_change,0.16000000000000003,SELL,-25,0.14,0.15
2026-01-03T20:16:33.494108Z,price_change,0.11,BUY,10000,0.14,0.15
2026-01-03T20:16:33.494894Z,price_change,0.16000000000000003,SELL,25,0.14,0.15
2026-01-03T20:16:56.936894Z,price_change,0.17000000000000004,SELL,-2000,0.14,0.15
2026-01-03T20:16:58.352195Z,price_change,0.11,BUY,-10000,0.14,0.15
2026-01-03T20:16:58.352195Z,price_change,0.16000000000000003,SELL,-25,0.14,0.15
2026-01-03T20:17:10.01355Z,price_change,0.11,BUY,10000,0.14,0.15
2026-01-03T20:17:10.01531Z,price_change,0.16000000000000003,SELL,25,0.14,0.15
2026-01-03T20:17:22.738774Z,price_change,0.21999999999999997,SELL,-18,0.14,0.15
2026-01-03T20:17:22.836908Z,price_change,0.26,SELL,-17,0.14,0.15
2026-01-03T20:17:22.907262Z,price_change,0.31999999999999995,SELL,-23,0.14,0.15
2026-01-03T20:17:22.991797Z,price_change,0.20999999999999996,SELL,18,0.14,0.15
2026-01-03T20:17:23.075977Z,price_change,0.24,SELL,17,0.14,0.15
2026-01-03T20:17:23.178509Z,price_change,0.29000000000000004,SELL,23,0.14,0.15
,book,0.1400,BUY,147,0.1400,0.15
,book,0.15,SELL,1831,0.1400,0.15
2026-01-03T20:20:35.548476Z,price_change,0.11,BUY,-10000,0.14,0.15
2026-01-03T20:20:35.548476Z,price_change,0.16000000000000003,SELL,-25,0.14,0.15
2026-01-03T20:20:39.720524Z,price_change,0.11,BUY,10000,0.14,0.15
2026-01-03T20:20:39.721545Z,price_change,0.16000000000000003,SELL,25,0.14,0.15
,book,0.1400,BUY,147,0.1400,0.15
,book,0.15,SELL,1831,0.1400,0.15
2026-01-03T20:22:30.297497Z,price_change,0.11,BUY,-10000,0.14,0.15
2026-01-03T20:22:30.297497Z,price_change,0.16000000000000003,SELL,-25,0.14,0.15
2026-01-03T20:22:34.471897Z,price_change,0.11,BUY,10000,0.14,0.15
2026-01-03T20:22:34.473072Z,price_change,0.16000000000000003,SELL,25,0.14,0.15
2026-01-03T20:22:45.994935Z,price_change,0.20999999999999996,SELL,-18,0.14,0.15
2026-01-03T20:22:46.109763Z,price_change,0.19999999999999996,SELL,18,0.14,0.15
2026-01-03T20:26:25.910896Z,price_change,0.19999999999999996,SELL,-18,0.14,0.15
2026-01-03T20:26:26.063064Z,price_change,0.24,SELL,-17,0.14,0.15
2026-01-03T20:26:26.148489Z,price_change,0.29000000000000004,SELL,-23,0.14,0.15
2026-01-03T20:26:26.311247Z,price_change,0.21999999999999997,SELL,18,0.14,0.15
2026-01-03T20:26:26.417762Z,price_change,0.26,SELL,17,0.14,0.15
2026-01-03T20:26:26.508468Z,price_change,0.31999999999999995,SELL,23,0.14,0.15
2026-01-03T20:28:11.183588Z,price_change,0.11,BUY,-10000,0.14,0.15
2026-01-03T20:28:11.184515Z,price_change,0.16000000000000003,SELL,-25,0.14,0.15
2026-01-03T20:28:22.124106Z,price_change,0.11,BUY,10000,0.14,0.15
2026-01-03T20:28:22.125049Z,price_change,0.16000000000000003,SELL,25,0.14,0.15
2026-01-03T20:29:02.740158Z,price_change,0.11,BUY,-10000,0.14,0.15
2026-01-03T20:29:02.740158Z,price_change,0.16000000000000003,SELL,-25,0.14,0.15
2026-01-03T20:29:05.013374Z,price_change,0.11,BUY,10000,0.14,0.15
2026-01-03T20:29:05.014282Z,price_change,0.16000000000000003,SELL,25,0.14,0.15
,book,0.1400,BUY,147,0.1400,0.15
,book,0.15,SELL,1831,0.1400,0.15
2026-01-03T20:29:36.721805Z,price_change,0.21999999999999997,SELL,-18,0.14,0.15
2026-01-03T20:29:36.773092Z,price_change,0.26,SELL,-17,0.14,0.15
2026-01-03T20:29:36.893492Z,price_change,0.31999999999999995,SELL,-23,0.14,0.15
2026-01-03T20:29:36.949214Z,price_change,0.20999999999999996,SELL,18,0.14,0.15
2026-01-03T20:29:37.026718Z,price_change,0.24,SELL,17,0.14,0.15
2026-01-03T20:29:37.119821Z,price_change,0.29000000000000004,SELL,23,0.14,0.15
,book,0.1400,BUY,147,0.1400,0.15
,book,0.15,SELL,1831,0.1400,0.15
2026-01-03T20:30:13.527984Z,price_change,0.11,BUY,-10000,0.14,0.15
2026-01-03T20:30:13.527984Z,price_change,0.16000000000000003,SELL,-25,0.14,0.15
2026-01-03T20:30:14.858041Z,price_change,0.15000000000000002,SELL,100,0.14,0.15
2026-01-03T20:30:18.591871Z,price_change,0.15000000000000002,SELL,-100,0.14,0.15
2026-01-03T20:30:28.727826Z,price_change,0.15000000000000002,SELL,100,0.14,0.15
2026-01-03T20:30:30.828891Z,price_change,0.11,BUY,10000,0.14,0.15
2026-01-03T20:30:30.829745Z,price_change,0.16000000000000003,SELL,25,0.14,0.15
2026-01-03T20:30:35.951538Z,price_change,0.11,BUY,-10000,0.14,0.15
2026-01-03T20:30:35.951538Z,price_change,0.16000000000000003,SELL,-25,0.14,0.15
2026-01-03T20:30:46.152659Z,price_change,0.11,BUY,10000,0.14,0.15
2026-01-03T20:30:46.153555Z,price_change,0.16000000000000003,SELL,25,0.14,0.15
,book,0.1400,BUY,147,0.1400,0.15
,book,0.15,SELL,1926,0.1400,0.15
2026-01-03T20:41:27.955835Z,price_change,0.11,BUY,-10000,0.14,0.15
2026-01-03T20:41:27.95718Z,price_change,0.16000000000000003,SELL,-25,0.14,0.15
2026-01-03T20:41:39.48269Z,price_change,0.11,BUY,10000,0.14,0.15
2026-01-03T20:41:39.483577Z,price_change,0.16000000000000003,SELL,25,0.14,0.15
2026-01-03T20:41:48.855191Z,price_change,0.21999999999999997,SELL,-18,0.14,0.15
2026-01-03T20:41:48.949852Z,price_change,0.26,SELL,-17,0.14,0.15
2026-01-03T20:41:49.05734Z,price_change,0.31999999999999995,SELL,-23,0.14,0.15
2026-01-03T20:41:49.207697Z,price_change,0.20999999999999996,SELL,18,0.14,0.15
2026-01-03T20:41:49.303597Z,price_change,0.24,SELL,17,0.14,0.15
2026-01-03T20:41:49.399605Z,price_change,0.29000000000000004,SELL,23,0.14,0.15
2026-01-03T20:41:58.347942Z,price_change,0.17000000000000004,SELL,2000,0.14,0.15
2026-01-03T20:42:37.085478Z,price_change,0.17000000000000004,SELL,-2000,0.14,0.15
2026-01-03T20:42:44.410355Z,price_change,0.17000000000000004,SELL,2000,0.14,0.15
2026-01-03T20:43:20.39141Z,price_change,0.11,BUY,-10000,0.14,0.15
2026-01-03T20:43:20.39141Z,price_change,0.16000000000000003,SELL,-25,0.14,0.15
2026-01-03T20:43:21.672031Z,price_change,0.18000000000000005,SELL,-1000,0.14,0.15
2026-01-03T20:43:21.672998Z,price_change,0.18000000000000005,SELL,-1000,0.14,0.15
2026-01-03T20:43:21.67396Z,price_change,0.17000000000000004,SELL,-2000,0.14,0.15
2026-01-03T20:43:22.165729Z,price_change,0.18000000000000005,SELL,500,0.14,0.15
2026-01-03T20:43:36.074991Z,price_change,0.11,BUY,10000,0.14,0.15
2026-01-03T20:43:36.076686Z,price_change,0.16000000000000003,SELL,25,0.14,0.15
2026-01-03T20:43:47.852296Z,price_change,0.18000000000000005,SELL,-500,0.14,0.15
2026-01-03T20:43:47.857588Z,price_change,0.18000000000000005,SELL,100,0.14,0.15
2026-01-03T20:43:52.537615Z,price_change,0.18000000000000005,SELL,400,0.14,0.15
,book,0.1400,BUY,147,0.1400,0.15
,book,0.15,SELL,1926,0.1400,0.15
2026-01-03T20:44:38.131754Z,price_change,0.11,BUY,-10000,0.14,0.15
2026-01-03T20:44:38.133092Z,price_change,0.16000000000000003,SELL,-25,0.14,0.15
2026-01-03T20:44:51.629298Z,price_change,0.11,BUY,10000,0.14,0.15
2026-01-03T20:44:51.630166Z,price_change,0.16000000000000003,SELL,25,0.14,0.15
,book,0.1400,BUY,147,0.1400,0.15
,book,0.15,SELL,1926,0.1400,0.15
2026-01-03T20:48:19.333454Z,price_change,0.11,BUY,10000,0.14,0.15
2026-01-03T20:48:19.334826Z,price_change,0.16000000000000003,SELL,25,0.14,0.15
2026-01-03T20:50:08.562322Z,price_change,0.16000000000000003,SELL,-25,0.14,0.15
2026-01-03T20:50:08.619738Z,price_change,0.11,BUY,-10000,0.14,0.15
2026-01-03T20:50:19.432585Z,price_change,0.11,BUY,10000,0.14,0.15
2026-01-03T20:50:19.433598Z,price_change,0.16000000000000003,SELL,25,0.14,0.15
2026-01-03T20:50:52.604934Z,price_change,0.19999999999999996,SELL,-18,0.14,0.15
2026-01-03T20:50:52.70334Z,price_change,0.24,SELL,-17,0.14,0.15
2026-01-03T20:50:52.852176Z,price_change,0.29000000000000004,SELL,-23,0.14,0.15
2026-01-03T20:50:52.989696Z,price_change,0.21999999999999997,SELL,18,0.14,0.15
2026-01-03T20:50:53.079703Z,price_change,0.26,SELL,17,0.14,0.15
2026-01-03T20:50:53.154424Z,price_change,0.31999999999999995,SELL,23,0.14,0.15
2026-01-03T20:51:31.719772Z,price_change,0.11,BUY,-10000,0.14,0.15
2026-01-03T20:51:31.719772Z,price_change,0.16000000000000003,SELL,-25,0.14,0.15
2026-01-03T20:51:37.717551Z,price_change,0.11,BUY,10000,0.14,0.15
2026-01-03T20:51:37.718609Z,price_change,0.16000000000000003,SELL,25,0.14,0.15
2026-01-03T20:51:59.718777Z,price_change,0.18000000000000005,SELL,-30,0.14,0.15
2026-01-03T20:51:59.804291Z,price_change,0.11,BUY,-30,0.14,0.15
2026-01-03T20:51:59.889084Z,price_change,0.18000000000000005,SELL,-30,0.14,0.15
2026-01-03T20:51:59.975369Z,price_change,0.11,BUY,-30,0.14,0.15
2026-01-03T20:52:00.061695Z,price_change,0.18000000000000005,SELL,-30,0.14,0.15
2026-01-03T20:52:00.148975Z,price_change,0.11,BUY,-30,0.14,0.15
2026-01-03T20:52:00.353383Z,price_change,0.11,BUY,30,0.14,0.15
2026-01-03T20:52:00.354288Z,price_change,0.18000000000000005,SELL,30,0.14,0.15
2026-01-03T20:52:00.381222Z,price_change,0.11,BUY,30,0.14,0.15
2026-01-03T20:52:00.382648Z,price_change,0.18000000000000005,SELL,30,0.14,0.15
2026-01-03T20:52:00.383429Z,price_change,0.11,BUY,30,0.14,0.15
2026-01-03T20:52:00.384931Z,price_change,0.18000000000000005,SELL,30,0.14,0.15
,book,0.1100,BUY,15277,0.1100,0.12
,book,0.12,SELL,264,0.1100,0.12
2026-01-03T23:16:50.003535Z,price_change,0.16000000000000003,SELL,-30,0.11,0.12
2026-01-03T23:16:50.003535Z,price_change,0.09,BUY,-30,0.11,0.12
2026-01-03T23:16:50.003535Z,price_change,0.16000000000000003,SELL,-30,0.11,0.12
2026-01-03T23:16:50.003535Z,price_change,0.09,BUY,-30,0.11,0.12
2026-01-03T23:16:50.003535Z,price_change,0.09,BUY,-30,0.11,0.12
2026-01-03T23:16:50.003535Z,price_change,0.16000000000000003,SELL,-30,0.11,0.12
2026-01-03T23:17:29.506797Z,price_change,0.16000000000000003,SELL,-3,0.11,0.12
2026-01-03T23:17:29.616197Z,price_change,0.18000000000000005,SELL,-18,0.11,0.12
2026-01-03T23:17:29.754894Z,price_change,0.24,SELL,-17,0.11,0.12
2026-01-03T23:17:29.864419Z,price_change,0.28,SELL,-23,0.11,0.12
2026-01-03T23:17:29.954979Z,price_change,0.13,SELL,-21,0.11,0.12
2026-01-03T23:17:30.070218Z,price_change,0.12,SELL,2,0.11,0.12
2026-01-03T23:17:30.384755Z,price_change,0.02,BUY,-392,0.11,0.12
2026-01-03T23:17:30.498795Z,price_change,0.05,BUY,-36,0.11,0.12
2026-01-03T23:17:30.607301Z,price_change,0.08,BUY,-18,0.11,0.12
2026-01-03T23:17:30.714269Z,price_change,0.11,BUY,-36,0.11,0.12
2026-01-03T23:17:30.808004Z,price_change,0.1,BUY,16,0.11,0.12
2026-01-03T23:19:05.926511Z,price_change,0.08,BUY,30,0.11,0.12
2026-01-03T23:19:05.92764Z,price_change,0.15000000000000002,SELL,30,0.11,0.12
2026-01-03T23:19:05.942156Z,price_change,0.08,BUY,30,0.11,0.12
2026-01-03T23:19:05.94385Z,price_change,0.15000000000000002,SELL,30,0.11,0.12
2026-01-03T23:19:05.944932Z,price_change,0.08,BUY,30,0.11,0.12
2026-01-03T23:19:05.945905Z,price_change,0.15000000000000002,SELL,30,0.11,0.12
2026-01-03T23:22:45.522366Z,price_change,0.1,BUY,500,0.11,0.12
2026-01-03T23:22:45.765898Z,price_change,0.08,BUY,-1000,0.11,0.12
2026-01-03T23:22:45.767803Z,price_change,0.09,BUY,-1000,0.11,0.12
2026-01-03T23:23:56.062551Z,price_change,0.1,BUY,-500,0.11,0.12
2026-01-03T23:23:56.069593Z,price_change,0.08,BUY,1000,0.11,0.12
2026-01-03T23:23:56.07061Z,price_change,0.09,BUY,1000,0.11,0.12
2026-01-03T23:25:32.936208Z,price_change,0.1,BUY,500,0.11,0.12
2026-01-03T23:25:32.939169Z,price_change,0.09,BUY,-1000,0.11,0.12
2026-01-03T23:25:32.940738Z,price_change,0.08,BUY,-1000,0.11,0.12
2026-01-03T23:26:35.884438Z,price_change,0.1,BUY,-500,0.11,0.12
2026-01-03T23:26:36.127696Z,price_change,0.09,BUY,1000,0.11,0.12
2026-01-03T23:26:36.128793Z,price_change,0.08,BUY,1000,0.11,0.12
2026-01-03T23:31:02.266448Z,price_change,0.15000000000000002,SELL,-30,0.11,0.12
2026-01-03T23:31:02.352357Z,price_change,0.08,BUY,-30,0.11,0.12
2026-01-03T23:31:02.43935Z,price_change,0.15000000000000002,SELL,-30,0.11,0.12
2026-01-03T23:31:02.525967Z,price_change,0.08,BUY,-30,0.11,0.12
2026-01-03T23:31:02.611252Z,price_change,0.15000000000000002,SELL,-30,0.11,0.12
2026-01-03T23:31:02.70123Z,price_change,0.08,BUY,-30,0.11,0.12
2026-01-03T23:31:02.905405Z,price_change,0.08,BUY,30,0.11,0.12
2026-01-03T23:31:02.907027Z,price_change,0.15000000000000002,SELL,30,0.11,0.12
2026-01-03T23:31:02.925938Z,price_change,0.08,BUY,30,0.11,0.12
2026-01-03T23:31:02.926734Z,price_change,0.08,BUY,30,0.11,0.12
2026-01-03T23:31:02.926965Z,price_change,0.15000000000000002,SELL,30,0.11,0.12
2026-01-03T23:31:02.928264Z,price_change,0.15000000000000002,SELL,30,0.11,0.12
2026-01-03T23:41:53.742551Z,price_change,0.15000000000000002,SELL,-30,0.11,0.12
2026-01-03T23:41:53.829283Z,price_change,0.08,BUY,-30,0.11,0.12
2026-01-03T23:41:53.914499Z,price_change,0.15000000000000002,SELL,-30,0.11,0.12
2026-01-03T23:41:53.999675Z,price_change,0.08,BUY,-30,0.11,0.12
2026-01-03T23:41:54.088975Z,price_change,0.15000000000000002,SELL,-30,0.11,0.12
2026-01-03T23:41:54.175536Z,price_change,0.08,BUY,-30,0.11,0.12
2026-01-03T23:41:54.381694Z,price_change,0.08,BUY,30,0.11,0.12
2026-01-03T23:41:54.386303Z,price_change,0.15000000000000002,SELL,30,0.11,0.12
2026-01-03T23:41:54.400173Z,price_change,0.08,BUY,30,0.11,0.12
2026-01-03T23:41:54.401078Z,price_change,0.15000000000000002,SELL,30,0.11,0.12
2026-01-03T23:41:54.403236Z,price_change,0.08,BUY,30,0.11,0.12
2026-01-03T23:41:54.405123Z,price_change,0.15000000000000002,SELL,30,0.11,0.12
2026-01-03T23:44:16.072116Z,price_change,0.02,BUY,-267,0.11,0.12
2026-01-03T23:44:16.072947Z,price_change,0.02,BUY,-52,0.11,0.12
2026-01-03T23:44:16.073864Z,price_change,0.02,BUY,-123,0.11,0.12
2026-01-03T23:44:16.074692Z,price_change,0.02,BUY,-1156,0.11,0.12
2026-01-03T23:44:16.273657Z,price_change,0.03,BUY,-222,0.11,0.12
2026-01-03T23:44:16.274549Z,price_change,0.03,BUY,-43,0.11,0.12
2026-01-03T23:44:16.275662Z,price_change,0.03,BUY,-109,0.11,0.12
2026-01-03T23:44:16.276613Z,price_change,0.03,BUY,-957,0.11,0.12
2026-01-03T23:44:16.47381Z,price_change,0.30000000000000004,SELL,-868,0.11,0.12
2026-01-03T23:44:16.664851Z,price_change,0.29000000000000004,SELL,-143,0.11,0.12
2026-01-03T23:44:16.666203Z,price_change,0.29000000000000004,SELL,-28,0.11,0.12
2026-01-03T23:44:16.667575Z,price_change,0.29000000000000004,SELL,-21,0.11,0.12
2026-01-03T23:44:16.669021Z,price_change,0.29000000000000004,SELL,-667,0.11,0.12
2026-01-03T23:44:16.861173Z,price_change,0.28,SELL,-88,0.11,0.12
2026-01-03T23:44:16.862812Z,price_change,0.28,SELL,-46,0.11,0.12
2026-01-03T23:44:16.864893Z,price_change,0.28,SELL,-26,0.11,0.12
2026-01-03T23:44:16.866381Z,price_change,0.28,SELL,-92,0.11,0.12
2026-01-03T23:44:16.867831Z,price_change,0.28,SELL,-552,0.11,0.12
2026-01-03T23:44:16.963451Z,price_change,0.01,BUY,2189,0.11,0.12
2026-01-03T23:44:16.964334Z,price_change,0.27,SELL,76,0.11,0.12
2026-01-03T23:44:16.965175Z,price_change,0.26,SELL,179,0.11,0.12
2026-01-03T23:44:16.966064Z,price_change,0.25,SELL,131,0.11,0.12
2026-01-03T23:44:16.967024Z,price_change,0.24,SELL,59,0.11,0.12
2026-01-03T23:44:16.967901Z,price_change,0.22999999999999998,SELL,304,0.11,0.12
2026-01-03T23:44:16.968634Z,price_change,0.21999999999999997,SELL,473,0.11,0.12
2026-01-03T23:44:16.96946Z,price_change,0.20999999999999996,SELL,434,0.11,0.12
2026-01-03T23:44:16.970208Z,price_change,0.19999999999999996,SELL,158,0.11,0.12
2026-01-03T23:51:30.137973Z,price_change,0.12,SELL,-264,0.11,0.12
2026-01-03T23:51:30.137973Z,price_change,0.12,SELL,-2,0.11,0.13
2026-01-03T23:51:30.137973Z,price_change,0.13,SELL,-479,0.11,0.13
2026-01-03T23:55:38.426332Z,price_change,0.13,SELL,19,0.11,0.13
2026-01-03T23:55:38.523052Z,price_change,0.16000000000000003,SELL,3,0.11,0.13
2026-01-03T23:55:38.627666Z,price_change,0.18000000000000005,SELL,18,0.11,0.13
2026-01-03T23:55:38.759603Z,price_change,0.21999999999999997,SELL,17,0.11,0.13
2026-01-03T23:55:38.870588Z,price_change,0.26,SELL,17,0.11,0.13
2026-01-03T23:55:39.117279Z,price_change,0.1,BUY,-16,0.11,0.13
2026-01-03T23:55:39.232185Z,price_change,0.02,BUY,392,0.11,0.13
2026-01-03T23:55:39.318671Z,price_change,0.05,BUY,36,0.11,0.13
2026-01-03T23:55:39.433346Z,price_change,0.08,BUY,18,0.11,0.13
2026-01-03T23:55:39.530438Z,price_change,0.11,BUY,38,0.11,0.13
2026-01-03T23:56:58.860466Z,price_change,0.15000000000000002,SELL,-30,0.11,0.13
2026-01-03T23:56:58.953814Z,price_change,0.08,BUY,-30,0.11,0.13
2026-01-03T23:56:59.038318Z,price_change,0.15000000000000002,SELL,-30,0.11,0.13
2026-01-03T23:56:59.121555Z,price_change,0.08,BUY,-30,0.11,0.13
2026-01-03T23:56:59.205982Z,price_change,0.15000000000000002,SELL,-30,0.11,0.13
2026-01-03T23:56:59.290855Z,price_change,0.08,BUY,-30,0.11,0.13
2026-01-03T23:56:59.492171Z,price_change,0.09,BUY,30,0.11,0.13
2026-01-03T23:56:59.493126Z,price_change,0.15000000000000002,SELL,30,0.11,0.13
2026-01-03T23:56:59.510973Z,price_change,0.09,BUY,30,0.11,0.13
2026-01-03T23:56:59.511914Z,price_change,0.15000000000000002,SELL,30,0.11,0.13
2026-01-03T23:56:59.514538Z,price_change,0.09,BUY,30,0.11,0.13
2026-01-03T23:56:59.515534Z,price_change,0.15000000000000002,SELL,30,0.11,0.13
2026-01-03T23:57:27.027109Z,price_change,0.15000000000000002,SELL,118,0.11,0.13
2026-01-03T23:57:45.840917Z,price_change,0.09,BUY,-1000,0.11,0.13
2026-01-03T23:57:45.842239Z,price_change,0.08,BUY,-1000,0.11,0.13
2026-01-03T23:57:46.089027Z,price_change,0.12,BUY,100,0.12,0.13
2026-01-03T23:57:46.090216Z,price_change,0.09,BUY,100,0.12,0.13
2026-01-03T23:57:46.091623Z,price_change,0.08,BUY,100,0.12,0.13
2026-01-03T23:57:46.093535Z,price_change,0.1,BUY,100,0.12,0.13
2026-01-03T23:57:46.09435Z,price_change,0.11,BUY,100,0.12,0.13
,book,0.1200,BUY,100,0.1200,0.13
,book,0.13,SELL,7801,0.1200,0.13
,book,0.1200,BUY,100,0.1200,0.13
,book,0.13,SELL,7801,0.1200,0.13
,book,0.1200,BUY,55,0.1200,0.13
,book,0.13,SELL,1849,0.1200,0.13
,book,0.1200,BUY,55,0.1200,0.13
,book,0.13,SELL,1849,0.1200,0.13
,book,0.1200,BUY,55,0.1200,0.13
,book,0.13,SELL,1835,0.1200,0.13
,book,0.1200,BUY,55,0.1200,0.13
,book,0.13,SELL,1835,0.1200,0.13
,book,0.1200,BUY,55,0.1200,0.13
,book,0.13,SELL,1824,0.1200,0.13
2026-01-04T15:49:28.896533Z,price_change,0.01,BUY,38,0.12,0.13
2026-01-04T15:49:28.897918Z,price_change,0.02,BUY,25,0.12,0.13
2026-01-04T15:50:27.008146Z,price_change,0.16000000000000003,SELL,-20,0.12,0.13
2026-01-04T15:50:27.008146Z,price_change,0.16000000000000003,SELL,-20,0.12,0.13
2026-01-04T15:50:27.008146Z,price_change,0.16000000000000003,SELL,-20,0.12,0.13
2026-01-04T15:50:27.008146Z,price_change,0.09,BUY,-20,0.12,0.13
2026-01-04T15:50:27.008146Z,price_change,0.09,BUY,-20,0.12,0.13
2026-01-04T15:50:27.008146Z,price_change,0.09,BUY,-20,0.12,0.13
