timestamp,event_type,price,side,size,best_bid,best_ask
,book,,BUY,,,
2025-12-08T03:04:39.831231Z,price_change,0.1200,BUY,-3,,
2025-12-08T03:04:47.037888Z,price_change,0.1200,BUY,2,,
,book,,BUY,,,
2025-12-08T03:41:27.395844Z,price_change,0.0200,BUY,-601,,
2025-12-08T03:41:27.569095Z,price_change,0.0200,BUY,616,,
,book,0.1600,BUY,2117,0.1600,0.8000
2025-12-08T03:51:26.817274Z,price_change,0.1200,BUY,-2,,
2025-12-08T03:51:28.760394Z,price_change,0.1200,BUY,2,,
2025-12-08T04:00:45.491695Z,price_change,0.1700,BUY,4,,
2025-12-08T04:01:18.040784Z,price_change,0.1700,BUY,-4,,
2025-12-08T04:01:18.466816Z,price_change,0.1700,BUY,4,,
2025-12-08T04:01:48.634828Z,price_change,0.1700,BUY,-4,,
2025-12-08T04:01:48.976944Z,price_change,0.1700,BUY,4,,
2025-12-08T04:02:19.205691Z,price_change,0.1700,BUY,-4,,
2025-12-08T04:02:50.478623Z,price_change,0.1700,BUY,4,,
2025-12-08T04:03:20.955696Z,price_change,0.1700,BUY,-4,,
2025-12-08T04:03:21.29037Z,price_change,0.1700,BUY,4,,
2025-12-08T04:03:40.185537Z,price_change,0.1200,BUY,-2,,
2025-12-08T04:03:51.428632Z,price_change,0.1700,BUY,-4,,
2025-12-08T04:03:51.817653Z,price_change,0.1700,BUY,4,,
2025-12-08T04:04:22.137221Z,price_change,0.1700,BUY,-4,,
2025-12-08T04:04:53.436395Z,price_change,0.1700,BUY,4,,
2025-12-08T04:05:26.015776Z,price_change,0.1700,BUY,-4,,
2025-12-08T04:05:56.722333Z,price_change,0.1700,BUY,4,,
2025-12-08T04:06:26.068609Z,price_change,0.1700,BUY,-4,,
2025-12-08T04:06:55.804296Z,price_change,0.1700,BUY,4,,
2025-12-08T04:07:24.542536Z,price_change,0.1700,BUY,-4,,
2025-12-08T04:07:24.981629Z,price_change,0.1700,BUY,4,,
2025-12-08T04:07:54.02486Z,price_change,0.1700,BUY,-4,,
2025-12-08T04:07:54.3675Z,price_change,0.1700,BUY,4,,
2025-12-08T04:08:23.258075Z,price_change,0.1700,BUY,-4,,
2025-12-08T04:08:53.18708Z,price_change,0.1700,BUY,4,,
2025-12-08T04:09:22.831639Z,price_change,0.1700,BUY,-4,,
2025-12-08T04:09:52.301414Z,price_change,0.1700,BUY,4,,
2025-12-08T04:10:25.013706Z,price_change,0.1700,BUY,-4,,
2025-12-08T04:10:54.801305Z,price_change,0.1700,BUY,4,,
2025-12-08T04:11:12.826966Z,price_change,0.0100,BUY,-77,,
2025-12-08T04:11:12.828774Z,price_change,0.0100,BUY,-62,,
2025-12-08T04:11:12.830232Z,price_change,0.0100,BUY,-113,,
2025-12-08T04:11:12.94389Z,price_change,0.0100,BUY,-215,,
2025-12-08T04:11:13.481551Z,price_change,0.0400,BUY,71,,
2025-12-08T04:11:13.483183Z,price_change,0.0500,BUY,46,,
2025-12-08T04:11:13.484308Z,price_change,0.0800,BUY,172,,
2025-12-08T04:11:13.485742Z,price_change,0.0900,BUY,100,,
2025-12-08T04:11:23.581038Z,price_change,0.1700,BUY,-4,,
2025-12-08T04:11:23.906779Z,price_change,0.1700,BUY,4,,
2025-12-08T04:11:52.624443Z,price_change,0.1700,BUY,-4,,
2025-12-08T04:11:52.957181Z,price_change,0.1700,BUY,4,,
2025-12-08T04:12:22.25198Z,price_change,0.1700,BUY,-4,,
2025-12-08T04:12:51.513584Z,price_change,0.1700,BUY,4,,
2025-12-08T04:13:20.122947Z,price_change,0.1700,BUY,-4,,
2025-12-08T04:13:36.709063Z,price_change,0.0300,BUY,-4,,
2025-12-08T04:13:37.100927Z,price_change,0.0400,BUY,-71,,
2025-12-08T04:13:37.333697Z,price_change,0.0400,BUY,-4,,
2025-12-08T04:13:37.739618Z,price_change,0.0500,BUY,-46,,
2025-12-08T04:13:37.975815Z,price_change,0.0500,BUY,-3,,
2025-12-08T04:13:38.482114Z,price_change,0.0600,BUY,-3,,
2025-12-08T04:13:38.989621Z,price_change,0.0700,BUY,-3,,
2025-12-08T04:13:39.434574Z,price_change,0.0800,BUY,-172,,
2025-12-08T04:13:39.650244Z,price_change,0.0800,BUY,-1,,
2025-12-08T04:13:40.05107Z,price_change,0.0900,BUY,-100,,
2025-12-08T04:13:43.876979Z,price_change,0.0100,BUY,443,,
2025-12-08T04:13:49.381905Z,price_change,0.1700,BUY,4,,
2025-12-08T04:14:18.164183Z,price_change,0.1700,BUY,-4,,
2025-12-08T04:14:46.831554Z,price_change,0.1700,BUY,4,,
2025-12-08T04:15:15.167873Z,price_change,0.1700,BUY,-4,,
2025-12-08T04:15:44.239988Z,price_change,0.1700,BUY,4,,
2025-12-08T04:16:12.509273Z,price_change,0.1700,BUY,-4,,
2025-12-08T04:16:12.943447Z,price_change,0.1700,BUY,4,,
2025-12-08T04:16:41.098754Z,price_change,0.1700,BUY,-4,,
2025-12-08T04:17:09.910043Z,price_change,0.1700,BUY,4,,
2025-12-08T04:17:38.328264Z,price_change,0.1700,BUY,-4,,
2025-12-08T04:18:07.182408Z,price_change,0.1700,BUY,4,,
2025-12-08T04:18:35.055689Z,price_change,0.1700,BUY,-4,,
2025-12-08T04:19:03.739883Z,price_change,0.1700,BUY,4,,
2025-12-08T04:19:31.599617Z,price_change,0.1700,BUY,-4,,
2025-12-08T04:19:31.947162Z,price_change,0.1700,BUY,4,,
2025-12-08T04:19:59.940695Z,price_change,0.1700,BUY,-4,,
2025-12-08T04:20:00.385727Z,price_change,0.1700,BUY,4,,
2025-12-08T04:20:28.451648Z,price_change,0.1700,BUY,-4,,
2025-12-08T04:20:57.133384Z,price_change,0.1700,BUY,4,,
2025-12-08T04:21:24.693912Z,price_change,0.1700,BUY,-4,,
2025-12-08T04:21:25.12668Z,price_change,0.1700,BUY,4,,
2025-12-08T04:21:52.58737Z,price_change,0.1700,BUY,-4,,
2025-12-08T04:22:20.606556Z,price_change,0.1700,BUY,4,,
2025-12-08T04:22:47.722894Z,price_change,0.1700,BUY,-4,,
2025-12-08T04:22:48.154121Z,price_change,0.1700,BUY,4,,
2025-12-08T04:23:15.382456Z,price_change,0.1700,BUY,-4,,
2025-12-08T04:23:43.096677Z,price_change,0.1700,BUY,4,,
2025-12-08T04:23:48.1977Z,price_change,0.0100,BUY,-443,,
2025-12-08T04:23:48.456655Z,price_change,0.0400,BUY,75,,
2025-12-08T04:23:48.457982Z,price_change,0.0500,BUY,49,,
2025-12-08T04:23:48.45885Z,price_change,0.0700,BUY,25,,
2025-12-08T04:23:48.459782Z,price_change,0.0800,BUY,173,,
2025-12-08T04:23:48.460818Z,price_change,0.0900,BUY,100,,
2025-12-08T04:24:10.464196Z,price_change,0.1700,BUY,-4,,
2025-12-08T04:24:10.90639Z,price_change,0.1700,BUY,4,,
2025-12-08T04:24:37.812801Z,price_change,0.1700,BUY,-4,,
2025-12-08T04:24:38.152829Z,price_change,0.1700,BUY,4,,
2025-12-08T04:26:38.002974Z,price_change,0.1700,BUY,-4,,
2025-12-08T04:27:01.479051Z,price_change,0.1700,BUY,4,,
2025-12-08T04:27:30.629258Z,price_change,0.1700,BUY,-4,,
2025-12-08T04:27:30.96322Z,price_change,0.1700,BUY,4,,
2025-12-08T04:27:59.822656Z,price_change,0.1700,BUY,-4,,
2025-12-08T04:28:00.262179Z,price_change,0.1700,BUY,4,,
2025-12-08T04:28:28.299556Z,price_change,0.1700,BUY,-4,,
2025-12-08T04:28:57.149683Z,price_change,0.1700,BUY,4,,
2025-12-08T04:29:25.46981Z,price_change,0.1700,BUY,-4,,
2025-12-08T04:29:54.358182Z,price_change,0.1700,BUY,4,,
2025-12-08T04:30:23.106362Z,price_change,0.1700,BUY,-4,,
2025-12-08T04:30:52.053684Z,price_change,0.1700,BUY,4,,
2025-12-08T04:31:20.499621Z,price_change,0.1700,BUY,-4,,
2025-12-08T04:31:49.169508Z,price_change,0.1700,BUY,4,,
2025-12-08T04:32:17.390619Z,price_change,0.1700,BUY,-4,,
2025-12-08T04:32:46.02352Z,price_change,0.1700,BUY,4,,
2025-12-08T04:33:14.122683Z,price_change,0.1700,BUY,-4,,
2025-12-08T04:33:14.544868Z,price_change,0.1700,BUY,4,,
2025-12-08T04:33:42.831856Z,price_change,0.1700,BUY,-4,,
2025-12-08T04:34:11.778889Z,price_change,0.1700,BUY,4,,
2025-12-08T04:34:39.942884Z,price_change,0.1700,BUY,-4,,
2025-12-08T04:34:40.280735Z,price_change,0.1700,BUY,4,,
2025-12-08T04:35:08.487432Z,price_change,0.1700,BUY,-4,,
2025-12-08T04:35:37.125197Z,price_change,0.1700,BUY,4,,
2025-12-08T04:36:05.46965Z,price_change,0.1700,BUY,-4,,
2025-12-08T04:36:33.819531Z,price_change,0.1700,BUY,4,,
2025-12-08T04:37:01.026721Z,price_change,0.1700,BUY,-4,,
2025-12-08T04:37:29.304433Z,price_change,0.1700,BUY,4,,
2025-12-08T04:37:56.594471Z,price_change,0.1700,BUY,-4,,
2025-12-08T04:38:24.75806Z,price_change,0.1700,BUY,4,,
2025-12-08T04:38:51.946384Z,price_change,0.1700,BUY,-4,,
2025-12-08T04:38:52.38412Z,price_change,0.1700,BUY,4,,
2025-12-08T04:39:19.895195Z,price_change,0.1700,BUY,-4,,
2025-12-08T04:39:48.082296Z,price_change,0.1700,BUY,4,,
2025-12-08T04:40:15.564791Z,price_change,0.1700,BUY,-4,,
2025-12-08T04:40:15.995973Z,price_change,0.1700,BUY,4,,
2025-12-08T04:40:43.201467Z,price_change,0.1700,BUY,-4,,
2025-12-08T04:41:13.052313Z,price_change,0.1700,BUY,4,,
2025-12-08T04:41:22.417986Z,price_change,0.1600,BUY,30,,
2025-12-08T04:41:39.695748Z,price_change,0.1700,BUY,-4,,
2025-12-08T04:42:08.207194Z,price_change,0.1700,BUY,4,,
2025-12-08T04:42:35.516096Z,price_change,0.1700,BUY,-4,,
2025-12-08T04:43:03.897286Z,price_change,0.1700,BUY,4,,
2025-12-08T04:43:31.064402Z,price_change,0.1700,BUY,-4,,
2025-12-08T04:43:58.440026Z,price_change,0.1700,BUY,4,,
2025-12-08T04:44:25.007479Z,price_change,0.1700,BUY,-4,,
2025-12-08T04:44:52.197627Z,price_change,0.1700,BUY,4,,
2025-12-08T04:45:18.831538Z,price_change,0.1700,BUY,-4,,
2025-12-08T04:45:45.685637Z,price_change,0.1700,BUY,4,,
2025-12-08T04:46:12.406577Z,price_change,0.1700,BUY,-4,,
2025-12-08T04:46:12.744136Z,price_change,0.1700,BUY,4,,
2025-12-08T04:46:38.925369Z,price_change,0.1700,BUY,-4,,
2025-12-08T04:46:39.248421Z,price_change,0.1700,BUY,4,,
2025-12-08T04:47:05.81725Z,price_change,0.1700,BUY,-4,,
2025-12-08T04:47:06.149012Z,price_change,0.1700,BUY,4,,
2025-12-08T04:47:32.515645Z,price_change,0.1700,BUY,-4,,
2025-12-08T04:47:32.838526Z,price_change,0.1700,BUY,4,,
2025-12-08T04:47:59.446238Z,price_change,0.1700,BUY,-4,,
2025-12-08T04:48:26.679236Z,price_change,0.1700,BUY,4,,
2025-12-08T04:48:52.869049Z,price_change,0.1700,BUY,-4,,
2025-12-08T04:48:53.213754Z,price_change,0.1700,BUY,4,,
2025-12-08T04:50:53.002267Z,price_change,0.1700,BUY,-4,,
2025-12-08T04:51:08.543258Z,price_change,0.1700,BUY,4,,
2025-12-08T04:51:37.738629Z,price_change,0.1700,BUY,-4,,
2025-12-08T04:52:07.77827Z,price_change,0.1700,BUY,4,,
2025-12-08T04:52:36.360446Z,price_change,0.1700,BUY,-4,,
2025-12-08T04:53:05.966021Z,price_change,0.1700,BUY,4,,
2025-12-08T04:53:34.907108Z,price_change,0.1700,BUY,-4,,
2025-12-08T04:54:04.924138Z,price_change,0.1700,BUY,4,,
2025-12-08T04:54:33.271158Z,price_change,0.1700,BUY,-4,,
2025-12-08T04:54:33.69714Z,price_change,0.1700,BUY,4,,
2025-12-08T04:55:02.399528Z,price_change,0.1700,BUY,-4,,
2025-12-08T04:55:02.745036Z,price_change,0.1700,BUY,4,,
2025-12-08T04:55:30.840338Z,price_change,0.1700,BUY,-4,,
2025-12-08T04:55:31.170532Z,price_change,0.1700,BUY,4,,
2025-12-08T04:55:59.639219Z,price_change,0.1700,BUY,-4,,
2025-12-08T04:56:28.903984Z,price_change,0.1700,BUY,4,,
2025-12-08T04:56:57.359906Z,price_change,0.1700,BUY,-4,,
2025-12-08T04:57:26.158105Z,price_change,0.1700,BUY,4,,
2025-12-08T04:57:54.204751Z,price_change,0.1700,BUY,-4,,
2025-12-08T04:57:54.642117Z,price_change,0.1700,BUY,4,,
2025-12-08T04:58:22.800528Z,price_change,0.1700,BUY,-4,,
2025-12-08T04:58:23.225799Z,price_change,0.1700,BUY,4,,
2025-12-08T04:58:51.449638Z,price_change,0.1700,BUY,-4,,
2025-12-08T04:58:51.875526Z,price_change,0.1700,BUY,4,,
2025-12-08T04:59:20.093557Z,price_change,0.1700,BUY,-4,,
2025-12-08T04:59:20.562032Z,price_change,0.1700,BUY,4,,
2025-12-08T04:59:49.029451Z,price_change,0.1700,BUY,-4,,
2025-12-08T05:00:20.487621Z,price_change,0.1700,BUY,4,,
2025-12-08T05:00:48.962481Z,price_change,0.1700,BUY,-4,,
2025-12-08T05:00:49.39979Z,price_change,0.1700,BUY,4,,
2025-12-08T05:01:17.656865Z,price_change,0.1700,BUY,-4,,
2025-12-08T05:01:18.093895Z,price_change,0.1700,BUY,4,,
2025-12-08T05:01:45.875355Z,price_change,0.1700,BUY,-4,,
2025-12-08T05:02:14.07441Z,price_change,0.1700,BUY,4,,
2025-12-08T05:02:42.297035Z,price_change,0.1700,BUY,-4,,
2025-12-08T05:03:10.938367Z,price_change,0.1700,BUY,4,,
2025-12-08T05:03:38.59187Z,price_change,0.1700,BUY,-4,,
2025-12-08T05:03:39.060251Z,price_change,0.1700,BUY,4,,
2025-12-08T05:04:06.61326Z,price_change,0.1700,BUY,-4,,
2025-12-08T05:04:34.370171Z,price_change,0.1700,BUY,4,,
2025-12-08T05:05:01.593777Z,price_change,0.1700,BUY,-4,,
2025-12-08T05:05:29.235078Z,price_change,0.1700,BUY,4,,
2025-12-08T05:05:56.500917Z,price_change,0.1700,BUY,-4,,
2025-12-08T05:05:56.933573Z,price_change,0.1700,BUY,4,,
2025-12-08T05:06:23.950995Z,price_change,0.1700,BUY,-4,,
2025-12-08T05:06:24.368441Z,price_change,0.1700,BUY,4,,
2025-12-08T05:06:51.563421Z,price_change,0.1700,BUY,-4,,
2025-12-08T05:06:51.998742Z,price_change,0.1700,BUY,4,,
2025-12-08T05:07:19.435668Z,price_change,0.1700,BUY,-4,,
2025-12-08T05:07:19.779019Z,price_change,0.1700,BUY,4,,
2025-12-08T05:07:47.089159Z,price_change,0.1700,BUY,-4,,
2025-12-08T05:08:15.03901Z,price_change,0.1700,BUY,4,,
2025-12-08T05:08:41.910902Z,price_change,0.1700,BUY,-4,,
2025-12-08T05:08:42.331953Z,price_change,0.1700,BUY,4,,
2025-12-08T05:09:09.742487Z,price_change,0.1700,BUY,-4,,
2025-12-08T05:09:10.069433Z,price_change,0.1700,BUY,4,,
2025-12-08T05:09:37.434294Z,price_change,0.1700,BUY,-4,,
2025-12-08T05:09:37.867515Z,price_change,0.1700,BUY,4,,
2025-12-08T05:10:05.184445Z,price_change,0.1700,BUY,-4,,
2025-12-08T05:10:33.367425Z,price_change,0.1700,BUY,4,,
2025-12-08T05:11:00.770963Z,price_change,0.1700,BUY,-4,,
2025-12-08T05:11:28.586528Z,price_change,0.1700,BUY,4,,
2025-12-08T05:11:55.872042Z,price_change,0.1700,BUY,-4,,
2025-12-08T05:12:15.869112Z,price_change,0.0200,BUY,-616,,
2025-12-08T05:12:16.048727Z,price_change,0.0200,BUY,600,,
2025-12-08T05:12:23.665491Z,price_change,0.1700,BUY,4,,
2025-12-08T05:12:50.791091Z,price_change,0.1700,BUY,-4,,
2025-12-08T05:12:51.205548Z,price_change,0.1700,BUY,4,,
2025-12-08T05:13:18.282984Z,price_change,0.1700,BUY,-4,,
2025-12-08T05:13:18.705505Z,price_change,0.1700,BUY,4,,
2025-12-08T05:15:18.006262Z,price_change,0.1700,BUY,-4,,
2025-12-08T05:15:33.572924Z,price_change,0.1700,BUY,4,,
2025-12-08T05:16:05.171078Z,price_change,0.1700,BUY,-4,,
2025-12-08T05:16:05.497801Z,price_change,0.1700,BUY,4,,
2025-12-08T05:16:36.21414Z,price_change,0.1700,BUY,-4,,
2025-12-08T05:16:36.646342Z,price_change,0.1700,BUY,4,,
2025-12-08T05:17:07.854306Z,price_change,0.1700,BUY,-4,,
2025-12-08T05:17:08.286722Z,price_change,0.1700,BUY,4,,
2025-12-08T05:17:39.118541Z,price_change,0.1700,BUY,-4,,
2025-12-08T05:17:39.546328Z,price_change,0.1700,BUY,4,,
2025-12-08T05:18:10.996944Z,price_change,0.1700,BUY,-4,,
2025-12-08T05:18:42.68902Z,price_change,0.1700,BUY,4,,
2025-12-08T05:19:13.927626Z,price_change,0.1700,BUY,-4,,
2025-12-08T05:19:46.207375Z,price_change,0.1700,BUY,4,,
2025-12-08T05:20:17.350968Z,price_change,0.1700,BUY,-4,,
2025-12-08T05:20:48.653348Z,price_change,0.1700,BUY,4,,
2025-12-08T05:21:18.81975Z,price_change,0.1700,BUY,-4,,
2025-12-08T05:21:49.865762Z,price_change,0.1700,BUY,4,,
2025-12-08T05:22:20.523945Z,price_change,0.1700,BUY,-4,,
2025-12-08T05:22:51.594739Z,price_change,0.1700,BUY,4,,
2025-12-08T05:23:22.046603Z,price_change,0.1700,BUY,-4,,
2025-12-08T05:23:22.473185Z,price_change,0.1700,BUY,4,,
2025-12-08T05:23:52.847449Z,price_change,0.1700,BUY,-4,,
2025-12-08T05:24:24.088666Z,price_change,0.1700,BUY,4,,
2025-12-08T05:24:54.527379Z,price_change,0.1700,BUY,-4,,
2025-12-08T05:24:54.953629Z,price_change,0.1700,BUY,4,,
2025-12-08T05:25:25.564442Z,price_change,0.1700,BUY,-4,,
2025-12-08T05:25:56.366068Z,price_change,0.1700,BUY,4,,
2025-12-08T05:26:26.20892Z,price_change,0.1700,BUY,-4,,
2025-12-08T05:26:26.689538Z,price_change,0.1700,BUY,4,,
2025-12-08T05:26:56.626195Z,price_change,0.1700,BUY,-4,,
2025-12-08T05:27:27.457726Z,price_change,0.1700,BUY,4,,
2025-12-08T05:27:57.280776Z,price_change,0.1700,BUY,-4,,
2025-12-08T05:28:28.051458Z,price_change,0.1700,BUY,4,,
2025-12-08T05:28:58.781534Z,price_change,0.1700,BUY,-4,,
2025-12-08T05:28:59.266939Z,price_change,0.1700,BUY,4,,
2025-12-08T05:29:29.370633Z,price_change,0.1700,BUY,-4,,
2025-12-08T05:30:00.051009Z,price_change,0.1700,BUY,4,,
2025-12-08T05:30:30.449836Z,price_change,0.1700,BUY,-4,,
2025-12-08T05:30:30.883881Z,price_change,0.1700,BUY,4,,
2025-12-08T05:31:01.117116Z,price_change,0.1700,BUY,-4,,
2025-12-08T05:31:01.559263Z,price_change,0.1700,BUY,4,,
2025-12-08T05:31:31.830219Z,price_change,0.1700,BUY,-4,,
2025-12-08T05:32:02.985517Z,price_change,0.1700,BUY,4,,
2025-12-08T05:32:33.254386Z,price_change,0.1700,BUY,-4,,
2025-12-08T05:33:04.287061Z,price_change,0.1700,BUY,4,,
2025-12-08T05:33:34.074879Z,price_change,0.1700,BUY,-4,,
2025-12-08T05:33:34.51099Z,price_change,0.1700,BUY,4,,
2025-12-08T05:34:05.143511Z,price_change,0.1700,BUY,-4,,
2025-12-08T05:34:35.960522Z,price_change,0.1700,BUY,4,,
2025-12-08T05:35:05.863139Z,price_change,0.1700,BUY,-4,,
2025-12-08T05:35:36.30284Z,price_change,0.1700,BUY,4,,
2025-12-08T05:36:06.200773Z,price_change,0.1700,BUY,-4,,
2025-12-08T05:36:36.657029Z,price_change,0.1700,BUY,4,,
2025-12-08T05:37:06.431269Z,price_change,0.1700,BUY,-4,,
2025-12-08T05:37:06.855655Z,price_change,0.1700,BUY,4,,
2025-12-08T05:37:36.99497Z,price_change,0.1700,BUY,-4,,
2025-12-08T05:37:37.419216Z,price_change,0.1700,BUY,4,,
2025-12-08T05:38:06.97508Z,price_change,0.1700,BUY,-4,,
2025-12-08T05:38:37.717739Z,price_change,0.1700,BUY,4,,
2025-12-08T05:39:07.693145Z,price_change,0.1700,BUY,-4,,
2025-12-08T05:39:08.12647Z,price_change,0.1700,BUY,4,,
2025-12-08T05:39:37.865761Z,price_change,0.1700,BUY,-4,,
2025-12-08T05:40:36.304226Z,price_change,0.1200,BUY,1338,,
2025-12-08T05:40:56.405703Z,price_change,0.1700,BUY,4,,
2025-12-08T05:41:27.757996Z,price_change,0.1700,BUY,-4,,
2025-12-08T05:41:28.172762Z,price_change,0.1700,BUY,4,,
2025-12-08T05:41:58.927964Z,price_change,0.1700,BUY,-4,,
2025-12-08T05:41:59.273638Z,price_change,0.1700,BUY,4,,
2025-12-08T05:42:30.131952Z,price_change,0.1700,BUY,-4,,
2025-12-08T05:42:30.544707Z,price_change,0.1700,BUY,4,,
2025-12-08T05:42:53.533641Z,price_change,0.1200,BUY,-1338,,
2025-12-08T05:43:00.789064Z,price_change,0.1700,BUY,-4,,
2025-12-08T05:43:01.11313Z,price_change,0.1700,BUY,4,,
2025-12-08T05:43:04.053912Z,price_change,0.1200,BUY,1338,,
2025-12-08T05:43:31.30026Z,price_change,0.1700,BUY,-4,,
2025-12-08T05:44:02.50118Z,price_change,0.1700,BUY,4,,
2025-12-08T05:44:05.257666Z,price_change,0.1200,BUY,-1338,,
2025-12-08T05:44:17.534791Z,price_change,0.1200,BUY,1338,,
2025-12-08T05:44:32.715219Z,price_change,0.1700,BUY,-4,,
2025-12-08T05:44:33.133897Z,price_change,0.1700,BUY,4,,
2025-12-08T05:44:40.301577Z,price_change,0.1200,BUY,-1338,,
2025-12-08T05:45:01.40379Z,price_change,0.1200,BUY,1338,,
2025-12-08T05:45:03.699382Z,price_change,0.1700,BUY,-4,,
2025-12-08T05:45:15.628207Z,price_change,0.1200,BUY,-1338,,
2025-12-08T05:45:30.644861Z,price_change,0.1200,BUY,1338,,
2025-12-08T05:45:34.197068Z,price_change,0.1700,BUY,4,,
2025-12-08T05:46:03.653649Z,price_change,0.1700,BUY,-4,,
2025-12-08T05:46:04.091705Z,price_change,0.1700,BUY,4,,
2025-12-08T05:46:34.046935Z,price_change,0.1700,BUY,-4,,
2025-12-08T05:46:34.468577Z,price_change,0.1700,BUY,4,,
2025-12-08T05:47:04.202162Z,price_change,0.1700,BUY,-4,,
2025-12-08T05:47:34.89799Z,price_change,0.1700,BUY,4,,
2025-12-08T05:48:04.495772Z,price_change,0.1700,BUY,-4,,
2025-12-08T05:48:04.930815Z,price_change,0.1700,BUY,4,,
2025-12-08T05:48:34.520572Z,price_change,0.1700,BUY,-4,,
2025-12-08T05:49:04.619255Z,price_change,0.1700,BUY,4,,
2025-12-08T05:49:20.612085Z,price_change,0.1200,BUY,-1338,,
2025-12-08T05:49:34.082616Z,price_change,0.1700,BUY,-4,,
2025-12-08T05:49:34.406107Z,price_change,0.1700,BUY,4,,
2025-12-08T05:49:34.872427Z,price_change,0.1200,BUY,1338,,
2025-12-08T05:50:03.649551Z,price_change,0.1700,BUY,-4,,
2025-12-08T05:50:33.414588Z,price_change,0.1700,BUY,4,,
2025-12-08T05:51:02.440935Z,price_change,0.1700,BUY,-4,,
2025-12-08T05:51:02.872856Z,price_change,0.1700,BUY,4,,
2025-12-08T05:51:31.752034Z,price_change,0.1700,BUY,-4,,
2025-12-08T05:52:01.351792Z,price_change,0.1700,BUY,4,,
2025-12-08T05:52:30.470703Z,price_change,0.1700,BUY,-4,,
2025-12-08T05:52:30.886165Z,price_change,0.1700,BUY,4,,
2025-12-08T05:52:59.867861Z,price_change,0.1700,BUY,-4,,
2025-12-08T05:53:29.656862Z,price_change,0.1700,BUY,4,,
2025-12-08T05:53:58.65245Z,price_change,0.1700,BUY,-4,,
2025-12-08T05:54:28.358339Z,price_change,0.1700,BUY,4,,
2025-12-08T05:54:47.818141Z,price_change,0.1200,BUY,-1338,,
2025-12-08T05:54:57.466415Z,price_change,0.1700,BUY,-4,,
2025-12-08T05:54:58.283704Z,price_change,0.1200,BUY,1338,,
2025-12-08T05:55:27.166554Z,price_change,0.1700,BUY,4,,
2025-12-08T05:55:56.144963Z,price_change,0.1700,BUY,-4,,
2025-12-08T05:55:56.478851Z,price_change,0.1700,BUY,4,,
2025-12-08T05:56:25.740348Z,price_change,0.1700,BUY,-4,,
2025-12-08T05:56:55.175176Z,price_change,0.1700,BUY,4,,
2025-12-08T05:57:24.343174Z,price_change,0.1700,BUY,-4,,
2025-12-08T05:57:54.003066Z,price_change,0.1700,BUY,4,,
2025-12-08T05:58:23.161561Z,price_change,0.1700,BUY,-4,,
2025-12-08T05:58:49.931221Z,price_change,0.0800,BUY,-151,,
2025-12-08T05:58:50.109402Z,price_change,0.0900,BUY,-100,,
2025-12-08T05:58:50.532995Z,price_change,0.0100,BUY,538,,
2025-12-08T05:58:50.535409Z,price_change,0.0100,BUY,34,,
2025-12-08T05:58:50.537162Z,price_change,0.0200,BUY,94,,
2025-12-08T05:58:50.539211Z,price_change,0.0300,BUY,56,,
2025-12-08T05:58:50.541335Z,price_change,0.0300,BUY,42,,
2025-12-08T05:58:50.543125Z,price_change,0.0600,BUY,67,,
2025-12-08T05:58:50.544888Z,price_change,0.0700,BUY,37,,
2025-12-08T05:58:52.875943Z,price_change,0.1700,BUY,4,,
2025-12-08T05:59:21.539821Z,price_change,0.1700,BUY,-4,,
2025-12-08T05:59:51.25411Z,price_change,0.1700,BUY,4,,
2025-12-08T06:00:20.38167Z,price_change,0.1700,BUY,-4,,
2025-12-08T06:00:50.007961Z,price_change,0.1700,BUY,4,,
2025-12-08T06:01:18.90784Z,price_change,0.1700,BUY,-4,,
2025-12-08T06:01:48.382272Z,price_change,0.1700,BUY,4,,
2025-12-08T06:02:17.324456Z,price_change,0.1700,BUY,-4,,
2025-12-08T06:02:17.748493Z,price_change,0.1700,BUY,4,,
2025-12-08T06:02:46.742683Z,price_change,0.1700,BUY,-4,,
2025-12-08T06:03:16.106696Z,price_change,0.1700,BUY,4,,
2025-12-08T06:03:21.192713Z,price_change,0.1200,BUY,-1338,,
2025-12-08T06:03:35.746118Z,price_change,0.1200,BUY,1338,,
2025-12-08T06:03:45.171241Z,price_change,0.1700,BUY,-4,,
2025-12-08T06:04:15.321396Z,price_change,0.1700,BUY,4,,
2025-12-08T06:04:44.380096Z,price_change,0.1700,BUY,-4,,
2025-12-08T06:04:44.711093Z,price_change,0.1700,BUY,4,,
2025-12-08T06:05:13.893961Z,price_change,0.1700,BUY,-4,,
2025-12-08T06:06:45.7362Z,price_change,0.1700,BUY,4,,
2025-12-08T06:07:17.68486Z,price_change,0.1700,BUY,-4,,
2025-12-08T06:07:18.121034Z,price_change,0.1700,BUY,4,,
2025-12-08T06:07:49.826196Z,price_change,0.1700,BUY,-4,,
2025-12-08T06:07:50.241868Z,price_change,0.1700,BUY,4,,
2025-12-08T06:08:00.785053Z,price_change,0.1200,BUY,-1338,,
2025-12-08T06:08:21.906646Z,price_change,0.1700,BUY,-4,,
2025-12-08T06:08:22.328876Z,price_change,0.1700,BUY,4,,
2025-12-08T06:08:34.359862Z,price_change,0.1200,BUY,1338,,
2025-12-08T06:08:53.328684Z,price_change,0.1700,BUY,-4,,
2025-12-08T06:09:10.537969Z,price_change,0.1200,BUY,-1338,,
2025-12-08T06:09:24.876303Z,price_change,0.1700,BUY,4,,
2025-12-08T06:09:43.34517Z,price_change,0.1200,BUY,1338,,
2025-12-08T06:09:55.847372Z,price_change,0.1700,BUY,-4,,
2025-12-08T06:10:27.293957Z,price_change,0.1700,BUY,4,,
2025-12-08T06:10:58.021069Z,price_change,0.1700,BUY,-4,,
2025-12-08T06:10:58.448355Z,price_change,0.1700,BUY,4,,
2025-12-08T06:11:28.436802Z,price_change,0.1700,BUY,-4,,
2025-12-08T06:11:28.901082Z,price_change,0.1700,BUY,4,,
2025-12-08T06:11:58.983387Z,price_change,0.1700,BUY,-4,,
2025-12-08T06:11:59.407738Z,price_change,0.1700,BUY,4,,
2025-12-08T06:12:29.74378Z,price_change,0.1700,BUY,-4,,
2025-12-08T06:12:30.169014Z,price_change,0.1700,BUY,4,,
2025-12-08T06:13:00.546515Z,price_change,0.1700,BUY,-4,,
2025-12-08T06:13:00.984275Z,price_change,0.1700,BUY,4,,
2025-12-08T06:13:08.872713Z,price_change,0.1200,BUY,-1338,,
2025-12-08T06:13:20.755233Z,price_change,0.1200,BUY,1338,,
2025-12-08T06:13:31.577892Z,price_change,0.1700,BUY,-4,,
2025-12-08T06:13:31.999517Z,price_change,0.1700,BUY,4,,
2025-12-08T06:14:02.601368Z,price_change,0.1700,BUY,-4,,
2025-12-08T06:14:03.042081Z,price_change,0.1700,BUY,4,,
2025-12-08T06:14:33.357074Z,price_change,0.1700,BUY,-4,,
2025-12-08T06:14:33.776812Z,price_change,0.1700,BUY,4,,
2025-12-08T06:15:04.372841Z,price_change,0.1700,BUY,-4,,
2025-12-08T06:15:04.798949Z,price_change,0.1700,BUY,4,,
2025-12-08T06:15:18.487722Z,price_change,0.1200,BUY,-1338,,
2025-12-08T06:15:35.131176Z,price_change,0.1700,BUY,-4,,
2025-12-08T06:15:35.457837Z,price_change,0.1700,BUY,4,,
2025-12-08T06:15:50.591436Z,price_change,0.1200,BUY,1338,,
2025-12-08T06:16:05.426351Z,price_change,0.1700,BUY,-4,,
2025-12-08T06:16:05.853536Z,price_change,0.1700,BUY,4,,
2025-12-08T06:16:36.337064Z,price_change,0.1700,BUY,-4,,
2025-12-08T06:16:36.758485Z,price_change,0.1700,BUY,4,,
2025-12-08T06:17:07.002854Z,price_change,0.1700,BUY,-4,,
2025-12-08T06:17:07.355129Z,price_change,0.1700,BUY,4,,
2025-12-08T06:17:37.820958Z,price_change,0.1700,BUY,-4,,
2025-12-08T06:17:38.24124Z,price_change,0.1700,BUY,12,,
2025-12-08T06:18:08.596414Z,price_change,0.1700,BUY,-12,,
2025-12-08T06:18:08.991227Z,price_change,0.1700,BUY,20,,
2025-12-08T06:18:39.268197Z,price_change,0.1700,BUY,-20,,
2025-12-08T06:18:39.661735Z,price_change,0.1700,BUY,20,,
2025-12-08T06:19:09.717562Z,price_change,0.1700,BUY,-20,,
2025-12-08T06:19:10.125211Z,price_change,0.1700,BUY,20,,
2025-12-08T06:19:40.347772Z,price_change,0.1700,BUY,-20,,
2025-12-08T06:19:40.745484Z,price_change,0.1700,BUY,20,,
2025-12-08T06:20:11.104158Z,price_change,0.1700,BUY,-20,,
2025-12-08T06:20:11.504323Z,price_change,0.1700,BUY,20,,
2025-12-08T06:20:41.472039Z,price_change,0.1700,BUY,-20,,
2025-12-08T06:20:41.877861Z,price_change,0.1700,BUY,20,,
2025-12-08T06:21:12.331175Z,price_change,0.1700,BUY,-20,,
2025-12-08T06:21:12.728746Z,price_change,0.1700,BUY,20,,
2025-12-08T06:21:42.947614Z,price_change,0.1700,BUY,-20,,
2025-12-08T06:21:43.35135Z,price_change,0.1700,BUY,20,,
2025-12-08T06:22:13.764617Z,price_change,0.1700,BUY,-20,,
2025-12-08T06:22:14.181038Z,price_change,0.1700,BUY,20,,
2025-12-08T06:22:44.325Z,price_change,0.1700,BUY,-20,,
2025-12-08T06:22:44.74372Z,price_change,0.1700,BUY,20,,
2025-12-08T06:23:14.85765Z,price_change,0.1700,BUY,-20,,
2025-12-08T06:23:15.254838Z,price_change,0.1700,BUY,20,,
2025-12-08T06:23:28.918467Z,price_change,0.0100,BUY,-34,,
2025-12-08T06:23:28.920202Z,price_change,0.0100,BUY,-538,,
2025-12-08T06:23:29.013262Z,price_change,0.0400,BUY,98,,
2025-12-08T06:23:29.016665Z,price_change,0.0500,BUY,81,,
2025-12-08T06:23:29.023037Z,price_change,0.0700,BUY,30,,
2025-12-08T06:23:29.027328Z,price_change,0.0800,BUY,213,,
2025-12-08T06:23:29.041194Z,price_change,0.0900,BUY,122,,
2025-12-08T06:23:35.25474Z,price_change,0.1200,BUY,-1338,,
2025-12-08T06:23:45.295073Z,price_change,0.1700,BUY,-20,,
2025-12-08T06:23:45.563495Z,price_change,0.1200,BUY,1338,,
2025-12-08T06:23:45.691803Z,price_change,0.1700,BUY,20,,
2025-12-08T06:23:54.619406Z,price_change,0.1200,BUY,-1338,,
2025-12-08T06:24:12.109113Z,price_change,0.1200,BUY,1338,,
2025-12-08T06:24:15.277286Z,price_change,0.1700,BUY,-20,,
2025-12-08T06:24:15.716233Z,price_change,0.1700,BUY,20,,
2025-12-08T06:24:45.802761Z,price_change,0.1700,BUY,-20,,
2025-12-08T06:24:46.2005Z,price_change,0.1700,BUY,20,,
2025-12-08T06:25:15.998039Z,price_change,0.1700,BUY,-20,,
2025-12-08T06:25:16.403776Z,price_change,0.1700,BUY,20,,
2025-12-08T06:25:34.497185Z,price_change,0.1200,BUY,-1338,,
2025-12-08T06:25:37.610812Z,price_change,0.1200,BUY,1338,,
2025-12-08T06:25:45.627281Z,price_change,0.1700,BUY,-20,,
2025-12-08T06:25:46.036767Z,price_change,0.1700,BUY,20,,
2025-12-08T06:26:16.003128Z,price_change,0.1700,BUY,-20,,
2025-12-08T06:26:16.408886Z,price_change,0.1700,BUY,20,,
2025-12-08T06:26:46.401072Z,price_change,0.1700,BUY,-20,,
2025-12-08T06:26:46.797573Z,price_change,0.1700,BUY,20,,
2025-12-08T06:27:16.072936Z,price_change,0.1700,BUY,-20,,
2025-12-08T06:27:16.467593Z,price_change,0.1700,BUY,20,,
2025-12-08T06:27:45.876563Z,price_change,0.1700,BUY,-20,,
2025-12-08T06:27:46.274011Z,price_change,0.1700,BUY,20,,
2025-12-08T06:28:16.141242Z,price_change,0.1700,BUY,-20,,
2025-12-08T06:28:16.551049Z,price_change,0.1700,BUY,20,,
2025-12-08T06:28:45.919644Z,price_change,0.1700,BUY,-20,,
2025-12-08T06:28:46.317556Z,price_change,0.1700,BUY,20,,
2025-12-08T06:29:15.530391Z,price_change,0.1700,BUY,-20,,
2025-12-08T06:29:45.587724Z,price_change,0.1700,BUY,20,,
2025-12-08T06:30:15.395472Z,price_change,0.1700,BUY,-20,,
2025-12-08T06:30:45.176159Z,price_change,0.1700,BUY,20,,
2025-12-08T06:31:14.633033Z,price_change,0.1700,BUY,-20,,
2025-12-08T06:31:15.04904Z,price_change,0.1700,BUY,20,,
2025-12-08T06:31:44.400971Z,price_change,0.1700,BUY,-20,,
2025-12-08T06:31:44.817863Z,price_change,0.1700,BUY,20,,
2025-12-08T06:33:44.003354Z,price_change,0.1700,BUY,-20,,
2025-12-08T06:34:11.687212Z,price_change,0.1700,BUY,20,,
2025-12-08T06:34:44.776491Z,price_change,0.1700,BUY,-20,,
2025-12-08T06:34:45.174896Z,price_change,0.1700,BUY,20,,
2025-12-08T06:35:18.196306Z,price_change,0.1700,BUY,-20,,
2025-12-08T06:35:18.601024Z,price_change,0.1700,BUY,20,,
2025-12-08T06:35:51.219411Z,price_change,0.1700,BUY,-20,,
2025-12-08T06:35:51.619694Z,price_change,0.1700,BUY,20,,
2025-12-08T06:36:24.318759Z,price_change,0.1700,BUY,-20,,
2025-12-08T06:36:24.714257Z,price_change,0.1700,BUY,20,,
2025-12-08T06:36:33.126876Z,price_change,0.1200,BUY,-1338,,
2025-12-08T06:36:36.231215Z,price_change,0.1200,BUY,1338,,
2025-12-08T06:36:57.490503Z,price_change,0.1700,BUY,-20,,
2025-12-08T06:36:57.884718Z,price_change,0.1700,BUY,20,,
2025-12-08T06:37:30.566352Z,price_change,0.1700,BUY,-20,,
2025-12-08T06:37:30.980096Z,price_change,0.1700,BUY,20,,
2025-12-08T06:37:55.445146Z,price_change,0.0200,BUY,-26,,
2025-12-08T06:37:55.609324Z,price_change,0.0300,BUY,-13,,
2025-12-08T06:37:55.776127Z,price_change,0.0400,BUY,-46,,
2025-12-08T06:37:55.935992Z,price_change,0.0500,BUY,-38,,
2025-12-08T06:37:56.096199Z,price_change,0.0600,BUY,-20,,
2025-12-08T06:37:56.215279Z,price_change,0.0700,BUY,-30,,
2025-12-08T06:37:56.284135Z,price_change,0.0700,BUY,-1,,
2025-12-08T06:37:56.453635Z,price_change,0.0800,BUY,-29,,
2025-12-08T06:37:56.625855Z,price_change,0.0900,BUY,-10,,
2025-12-08T06:38:03.166098Z,price_change,0.1700,BUY,-20,,
2025-12-08T06:38:03.558576Z,price_change,0.1700,BUY,20,,
2025-12-08T06:38:34.939736Z,price_change,0.1700,BUY,-20,,
2025-12-08T06:38:35.337758Z,price_change,0.1700,BUY,20,,
2025-12-08T06:39:06.488448Z,price_change,0.1700,BUY,-20,,
2025-12-08T06:39:06.885259Z,price_change,0.1700,BUY,20,,
2025-12-08T06:39:38.333163Z,price_change,0.1700,BUY,-20,,
2025-12-08T06:39:38.731149Z,price_change,0.1700,BUY,20,,
2025-12-08T06:40:10.167107Z,price_change,0.1700,BUY,-20,,
2025-12-08T06:40:10.560582Z,price_change,0.1700,BUY,20,,
2025-12-08T06:40:35.358822Z,price_change,0.1200,BUY,-1338,,
2025-12-08T06:40:41.771616Z,price_change,0.1200,BUY,1338,,
2025-12-08T06:40:42.025352Z,price_change,0.1700,BUY,-20,,
2025-12-08T06:40:42.414999Z,price_change,0.1700,BUY,20,,
2025-12-08T06:41:14.255975Z,price_change,0.1700,BUY,-20,,
2025-12-08T06:41:14.666454Z,price_change,0.1700,BUY,20,,
2025-12-08T06:41:45.930109Z,price_change,0.1700,BUY,-20,,
2025-12-08T06:41:46.329327Z,price_change,0.1700,BUY,20,,
2025-12-08T06:42:17.56763Z,price_change,0.1700,BUY,-20,,
2025-12-08T06:42:17.961349Z,price_change,0.1700,BUY,20,,
2025-12-08T06:42:48.806808Z,price_change,0.1700,BUY,-20,,
2025-12-08T06:42:49.210153Z,price_change,0.1700,BUY,20,,
2025-12-08T06:43:03.49829Z,price_change,0.1200,BUY,-1338,,
2025-12-08T06:43:16.648273Z,price_change,0.1200,BUY,1338,,
2025-12-08T06:43:20.45173Z,price_change,0.1700,BUY,-20,,
2025-12-08T06:43:20.843437Z,price_change,0.1700,BUY,20,,
2025-12-08T06:43:50.690612Z,price_change,0.0200,BUY,-600,,
2025-12-08T06:43:50.86609Z,price_change,0.0200,BUY,603,,
2025-12-08T06:43:52.135209Z,price_change,0.1700,BUY,-20,,
2025-12-08T06:43:52.534067Z,price_change,0.1700,BUY,20,,
2025-12-08T06:44:23.307301Z,price_change,0.1700,BUY,-20,,
2025-12-08T06:44:23.703709Z,price_change,0.1700,BUY,20,,
2025-12-08T06:44:54.461553Z,price_change,0.1700,BUY,-20,,
2025-12-08T06:44:54.849679Z,price_change,0.1700,BUY,20,,
2025-12-08T06:45:08.257103Z,price_change,0.1200,BUY,1338,,
2025-12-08T06:45:16.572742Z,price_change,0.1200,BUY,-1338,,
2025-12-08T06:45:26.077381Z,price_change,0.1700,BUY,-20,,
2025-12-08T06:45:26.475917Z,price_change,0.1700,BUY,20,,
2025-12-08T06:45:34.205793Z,price_change,0.1200,BUY,1338,,
2025-12-08T06:45:54.709244Z,price_change,0.1200,BUY,-1338,,
2025-12-08T06:45:54.709244Z,price_change,0.1200,BUY,-1338,,
2025-12-08T06:45:57.36465Z,price_change,0.1700,BUY,-20,,
2025-12-08T06:45:57.775807Z,price_change,0.1700,BUY,20,,
2025-12-08T06:46:08.152946Z,price_change,0.1200,BUY,1338,,
2025-12-08T06:46:28.763387Z,price_change,0.1700,BUY,-20,,
2025-12-08T06:46:29.2029Z,price_change,0.1700,BUY,20,,
2025-12-08T06:46:59.942517Z,price_change,0.1700,BUY,-20,,
2025-12-08T06:47:00.36369Z,price_change,0.1700,BUY,20,,
2025-12-08T06:47:31.403721Z,price_change,0.1700,BUY,-20,,
2025-12-08T06:47:31.797436Z,price_change,0.1700,BUY,20,,
2025-12-08T06:48:02.8503Z,price_change,0.1700,BUY,-20,,
2025-12-08T06:48:03.277892Z,price_change,0.1700,BUY,20,,
2025-12-08T06:48:34.107331Z,price_change,0.1700,BUY,-20,,
2025-12-08T06:48:34.505479Z,price_change,0.1700,BUY,20,,
2025-12-08T06:49:00.118767Z,price_change,0.1200,BUY,-1338,,
2025-12-08T06:49:00.70413Z,price_change,0.1200,BUY,1338,,
2025-12-08T06:49:05.435685Z,price_change,0.1700,BUY,-20,,
2025-12-08T06:49:05.8398Z,price_change,0.1700,BUY,20,,
2025-12-08T06:49:28.076906Z,price_change,0.1200,BUY,-1338,,
2025-12-08T06:49:36.850644Z,price_change,0.1700,BUY,-20,,
2025-12-08T06:49:37.252145Z,price_change,0.1700,BUY,20,,
2025-12-08T06:49:49.681876Z,price_change,0.1200,BUY,1338,,
2025-12-08T06:50:08.525928Z,price_change,0.1700,BUY,-20,,
2025-12-08T06:50:08.913777Z,price_change,0.1700,BUY,20,,
2025-12-08T06:50:39.537893Z,price_change,0.1700,BUY,-20,,
2025-12-08T06:50:39.938143Z,price_change,0.1700,BUY,20,,
2025-12-08T06:51:10.968634Z,price_change,0.1700,BUY,-20,,
2025-12-08T06:51:11.370843Z,price_change,0.1700,BUY,20,,
2025-12-08T06:51:42.340777Z,price_change,0.1700,BUY,-20,,
2025-12-08T06:51:42.740043Z,price_change,0.1700,BUY,20,,
2025-12-08T06:52:11.236724Z,price_change,0.1200,BUY,-1338,,
2025-12-08T06:52:13.592274Z,price_change,0.1700,BUY,-20,,
2025-12-08T06:52:13.991475Z,price_change,0.1700,BUY,20,,
2025-12-08T06:52:19.011667Z,price_change,0.1200,BUY,1338,,
2025-12-08T06:52:44.81091Z,price_change,0.1700,BUY,-20,,
2025-12-08T06:52:45.211563Z,price_change,0.1700,BUY,20,,
2025-12-08T06:53:16.181805Z,price_change,0.1700,BUY,-20,,
2025-12-08T06:53:16.58416Z,price_change,0.1700,BUY,20,,
2025-12-08T06:53:47.785741Z,price_change,0.1700,BUY,-20,,
2025-12-08T06:53:48.195624Z,price_change,0.1700,BUY,20,,
2025-12-08T06:54:19.061448Z,price_change,0.1700,BUY,-20,,
2025-12-08T06:54:19.463874Z,price_change,0.1700,BUY,20,,
2025-12-08T06:54:50.429032Z,price_change,0.1700,BUY,-20,,
2025-12-08T06:54:50.82308Z,price_change,0.1700,BUY,20,,
2025-12-08T06:55:21.58744Z,price_change,0.1700,BUY,-20,,
2025-12-08T06:55:21.989974Z,price_change,0.1700,BUY,20,,
2025-12-08T06:55:52.99606Z,price_change,0.1700,BUY,-20,,
2025-12-08T06:55:53.397488Z,price_change,0.1700,BUY,20,,
2025-12-08T06:56:24.400244Z,price_change,0.1700,BUY,-20,,
2025-12-08T06:56:24.805599Z,price_change,0.1700,BUY,20,,
2025-12-08T06:56:55.628056Z,price_change,0.1700,BUY,-20,,
2025-12-08T06:56:56.026812Z,price_change,0.1700,BUY,20,,
2025-12-08T06:57:26.855404Z,price_change,0.1700,BUY,-20,,
2025-12-08T06:57:27.261257Z,price_change,0.1700,BUY,20,,
2025-12-08T06:57:57.933991Z,price_change,0.1700,BUY,-20,,
2025-12-08T06:57:58.330726Z,price_change,0.1700,BUY,20,,
2025-12-08T06:58:21.612788Z,price_change,0.1200,BUY,-1338,,
2025-12-08T06:58:28.910926Z,price_change,0.1700,BUY,-20,,
2025-12-08T06:58:29.311698Z,price_change,0.1700,BUY,20,,
2025-12-08T06:58:38.463334Z,price_change,0.1200,BUY,1338,,
2025-12-08T06:58:59.621293Z,price_change,0.1700,BUY,-20,,
2025-12-08T06:59:00.070557Z,price_change,0.1700,BUY,20,,
2025-12-08T07:01:00.000356Z,price_change,0.1700,BUY,-20,,
2025-12-08T07:01:25.758509Z,price_change,0.1700,BUY,20,,
2025-12-08T07:01:58.332829Z,price_change,0.1700,BUY,-20,,
2025-12-08T07:01:58.725416Z,price_change,0.1700,BUY,20,,
2025-12-08T07:02:31.108113Z,price_change,0.1700,BUY,-20,,
2025-12-08T07:02:31.509305Z,price_change,0.1700,BUY,20,,
2025-12-08T07:03:03.737808Z,price_change,0.1700,BUY,-20,,
2025-12-08T07:03:04.131441Z,price_change,0.1700,BUY,20,,
2025-12-08T07:03:36.443573Z,price_change,0.1700,BUY,-20,,
2025-12-08T07:03:36.891017Z,price_change,0.1700,BUY,20,,
2025-12-08T07:04:09.012029Z,price_change,0.1700,BUY,-20,,
2025-12-08T07:04:09.406016Z,price_change,0.1700,BUY,20,,
2025-12-08T07:04:41.998284Z,price_change,0.1700,BUY,-20,,
2025-12-08T07:04:42.305139Z,price_change,0.1700,BUY,20,,
2025-12-08T07:05:14.563014Z,price_change,0.1700,BUY,-20,,
2025-12-08T07:05:14.960337Z,price_change,0.1700,BUY,20,,
2025-12-08T07:05:47.15924Z,price_change,0.1700,BUY,-20,,
2025-12-08T07:05:47.555326Z,price_change,0.1700,BUY,20,,
2025-12-08T07:06:19.378486Z,price_change,0.1700,BUY,-20,,
2025-12-08T07:06:19.77987Z,price_change,0.1700,BUY,20,,
2025-12-08T07:06:51.867688Z,price_change,0.1700,BUY,-20,,
2025-12-08T07:06:52.320036Z,price_change,0.1700,BUY,20,,
2025-12-08T07:06:52.637287Z,price_change,0.1200,BUY,-1338,,
2025-12-08T07:07:05.026335Z,price_change,0.1200,BUY,1338,,
2025-12-08T07:07:23.763387Z,price_change,0.1700,BUY,-20,,
2025-12-08T07:07:24.167166Z,price_change,0.1700,BUY,20,,
2025-12-08T07:07:55.945451Z,price_change,0.1700,BUY,-20,,
2025-12-08T07:07:56.359811Z,price_change,0.1700,BUY,20,,
2025-12-08T07:08:28.077434Z,price_change,0.1700,BUY,-20,,
2025-12-08T07:08:28.472678Z,price_change,0.1700,BUY,20,,
2025-12-08T07:09:00.240449Z,price_change,0.1700,BUY,-20,,
2025-12-08T07:09:00.645217Z,price_change,0.1700,BUY,20,,
2025-12-08T07:09:32.418054Z,price_change,0.1700,BUY,-20,,
2025-12-08T07:09:32.810529Z,price_change,0.1700,BUY,20,,
2025-12-08T07:10:04.430768Z,price_change,0.1700,BUY,-20,,
2025-12-08T07:10:04.844055Z,price_change,0.1700,BUY,20,,
2025-12-08T07:10:36.633591Z,price_change,0.1700,BUY,-20,,
2025-12-08T07:10:37.037577Z,price_change,0.1700,BUY,20,,
2025-12-08T07:11:08.408972Z,price_change,0.1700,BUY,-20,,
2025-12-08T07:11:08.813119Z,price_change,0.1700,BUY,20,,
2025-12-08T07:11:39.925838Z,price_change,0.1700,BUY,-20,,
2025-12-08T07:12:11.610558Z,price_change,0.1700,BUY,20,,
2025-12-08T07:12:42.562976Z,price_change,0.1700,BUY,-20,,
2025-12-08T07:12:42.961837Z,price_change,0.1700,BUY,20,,
2025-12-08T07:13:14.079023Z,price_change,0.1700,BUY,-20,,
2025-12-08T07:13:14.476425Z,price_change,0.1700,BUY,20,,
2025-12-08T07:13:45.222923Z,price_change,0.1700,BUY,-20,,
2025-12-08T07:13:45.620468Z,price_change,0.1700,BUY,20,,
2025-12-08T07:14:16.295436Z,price_change,0.1700,BUY,-20,,
2025-12-08T07:14:16.689334Z,price_change,0.1700,BUY,20,,
2025-12-08T07:14:19.34542Z,price_change,0.1200,BUY,-1338,,
2025-12-08T07:14:33.526696Z,price_change,0.1200,BUY,1338,,
2025-12-08T07:14:47.770888Z,price_change,0.1700,BUY,-20,,
2025-12-08T07:14:48.173463Z,price_change,0.1700,BUY,20,,
2025-12-08T07:15:19.278733Z,price_change,0.1700,BUY,-20,,
2025-12-08T07:15:19.671964Z,price_change,0.1700,BUY,20,,
2025-12-08T07:15:53.088068Z,price_change,0.1700,BUY,-20,,
2025-12-08T07:15:53.490657Z,price_change,0.1700,BUY,20,,
2025-12-08T07:16:21.566818Z,price_change,0.1200,BUY,-1338,,
2025-12-08T07:16:24.543032Z,price_change,0.1700,BUY,-20,,
2025-12-08T07:16:24.950962Z,price_change,0.1700,BUY,20,,
2025-12-08T07:16:27.262908Z,price_change,0.1200,BUY,1338,,
2025-12-08T07:16:56.013125Z,price_change,0.1700,BUY,-20,,
2025-12-08T07:16:56.414497Z,price_change,0.1700,BUY,20,,
2025-12-08T07:17:27.00648Z,price_change,0.1700,BUY,-20,,
2025-12-08T07:17:27.457901Z,price_change,0.1700,BUY,20,,
2025-12-08T07:17:58.538207Z,price_change,0.1700,BUY,-20,,
2025-12-08T07:17:58.948958Z,price_change,0.1700,BUY,20,,
2025-12-08T07:18:30.225474Z,price_change,0.1700,BUY,-20,,
2025-12-08T07:18:30.624129Z,price_change,0.1700,BUY,20,,
2025-12-08T07:19:01.436773Z,price_change,0.1700,BUY,-20,,
2025-12-08T07:19:32.855861Z,price_change,0.1700,BUY,20,,
2025-12-08T07:20:03.779579Z,price_change,0.1700,BUY,-20,,
2025-12-08T07:20:04.170034Z,price_change,0.1700,BUY,20,,
2025-12-08T07:20:35.413221Z,price_change,0.1700,BUY,-20,,
2025-12-08T07:20:35.860003Z,price_change,0.1700,BUY,20,,
2025-12-08T07:21:06.62148Z,price_change,0.1700,BUY,-20,,
2025-12-08T07:21:07.04836Z,price_change,0.1700,BUY,20,,
2025-12-08T07:21:37.521708Z,price_change,0.1700,BUY,-20,,
2025-12-08T07:21:37.92098Z,price_change,0.1700,BUY,20,,
2025-12-08T07:22:08.092472Z,price_change,0.1700,BUY,-20,,
2025-12-08T07:22:08.555599Z,price_change,0.1700,BUY,20,,
2025-12-08T07:22:38.700075Z,price_change,0.1700,BUY,-20,,
2025-12-08T07:22:39.095085Z,price_change,0.1700,BUY,20,,
2025-12-08T07:23:09.743154Z,price_change,0.1700,BUY,-20,,
2025-12-08T07:23:10.173318Z,price_change,0.1700,BUY,20,,
2025-12-08T07:23:40.7049Z,price_change,0.1700,BUY,-20,,
2025-12-08T07:23:41.110096Z,price_change,0.1700,BUY,20,,
2025-12-08T07:24:11.114658Z,price_change,0.1700,BUY,-20,,
2025-12-08T07:24:11.515601Z,price_change,0.1700,BUY,20,,
2025-12-08T07:24:42.034518Z,price_change,0.1700,BUY,-20,,
2025-12-08T07:24:42.477221Z,price_change,0.1700,BUY,20,,
2025-12-08T07:25:12.791441Z,price_change,0.1700,BUY,-20,,
2025-12-08T07:25:13.188685Z,price_change,0.1700,BUY,20,,
2025-12-08T07:25:43.387807Z,price_change,0.1700,BUY,-20,,
2025-12-08T07:25:43.779204Z,price_change,0.1700,BUY,20,,
2025-12-08T07:26:14.025974Z,price_change,0.1700,BUY,-20,,
2025-12-08T07:26:14.431901Z,price_change,0.1700,BUY,20,,
2025-12-08T07:28:14.000966Z,price_change,0.1700,BUY,-20,,
2025-12-08T07:29:55.501812Z,price_change,0.1200,BUY,-1338,,
2025-12-08T07:30:10.102915Z,price_change,0.1200,BUY,1338,,
2025-12-08T07:33:20.935666Z,price_change,0.1200,BUY,-1338,,
2025-12-08T07:33:24.889785Z,price_change,0.1200,BUY,1338,,
2025-12-08T07:38:46.971702Z,price_change,0.1200,BUY,-1338,,
2025-12-08T07:39:04.811216Z,price_change,0.1200,BUY,1338,,
2025-12-08T07:46:33.430737Z,price_change,0.1200,BUY,-1338,,
2025-12-08T07:46:51.360068Z,price_change,0.1200,BUY,1338,,
2025-12-08T07:57:47.763249Z,price_change,0.0200,BUY,-5,,
2025-12-08T07:57:47.889626Z,price_change,0.0300,BUY,-29,,
2025-12-08T07:57:47.958231Z,price_change,0.0300,BUY,-4,,
2025-12-08T07:57:48.074373Z,price_change,0.0400,BUY,-52,,
2025-12-08T07:57:48.148154Z,price_change,0.0400,BUY,-32,,
2025-12-08T07:57:48.296422Z,price_change,0.0500,BUY,-43,,
2025-12-08T07:57:48.375558Z,price_change,0.0500,BUY,-12,,
2025-12-08T07:57:48.539865Z,price_change,0.0600,BUY,-11,,
2025-12-08T07:57:48.677658Z,price_change,0.0700,BUY,-28,,
2025-12-08T07:57:48.795804Z,price_change,0.0800,BUY,-184,,
2025-12-08T07:57:48.84994Z,price_change,0.0800,BUY,-10,,
2025-12-08T07:57:48.979208Z,price_change,0.0900,BUY,-112,,
2025-12-08T07:57:49.041976Z,price_change,0.0100,BUY,493,,
2025-12-08T07:57:49.044845Z,price_change,0.0100,BUY,29,,
2025-12-08T08:00:21.856883Z,price_change,0.1200,BUY,-1338,,
2025-12-08T08:00:32.776485Z,price_change,0.1200,BUY,1338,,
2025-12-08T08:01:59.780709Z,price_change,0.1200,BUY,-1338,,
2025-12-08T08:02:17.654861Z,price_change,0.1200,BUY,1338,,
2025-12-08T08:06:25.707122Z,price_change,0.1200,BUY,-1338,,
2025-12-08T08:11:45.630565Z,price_change,0.1200,BUY,1338,,
2025-12-08T08:14:04.478399Z,price_change,0.1200,BUY,-1338,,
2025-12-08T08:14:26.553646Z,price_change,0.1200,BUY,1338,,
2025-12-08T08:15:25.961835Z,price_change,0.0200,BUY,-603,,
2025-12-08T08:15:26.154224Z,price_change,0.0200,BUY,614,,
2025-12-08T08:19:38.733646Z,price_change,0.1700,BUY,20,,
2025-12-08T08:20:14.019451Z,price_change,0.1700,BUY,-20,,
2025-12-08T08:20:48.612925Z,price_change,0.1700,BUY,20,,
2025-12-08T08:21:22.726623Z,price_change,0.1700,BUY,-20,,
2025-12-08T08:21:23.119781Z,price_change,0.1700,BUY,20,,
2025-12-08T08:21:57.32771Z,price_change,0.1700,BUY,-20,,
2025-12-08T08:21:57.71959Z,price_change,0.1700,BUY,20,,
2025-12-08T08:22:32.297021Z,price_change,0.1700,BUY,-20,,
2025-12-08T08:22:32.721479Z,price_change,0.1700,BUY,20,,
2025-12-08T08:23:06.833141Z,price_change,0.1700,BUY,-20,,
2025-12-08T08:23:41.063443Z,price_change,0.1700,BUY,20,,
2025-12-08T08:24:14.640496Z,price_change,0.1700,BUY,-20,,
2025-12-08T08:24:15.026936Z,price_change,0.1700,BUY,20,,
2025-12-08T08:24:48.176325Z,price_change,0.1700,BUY,-20,,
2025-12-08T08:25:22.056943Z,price_change,0.1700,BUY,20,,
2025-12-08T08:25:54.894541Z,price_change,0.1700,BUY,-20,,
2025-12-08T08:25:55.292652Z,price_change,0.1700,BUY,20,,
2025-12-08T08:26:27.837673Z,price_change,0.1700,BUY,-20,,
2025-12-08T08:26:28.243039Z,price_change,0.1700,BUY,20,,
2025-12-08T08:27:01.170676Z,price_change,0.1700,BUY,-20,,
2025-12-08T08:27:34.797535Z,price_change,0.1700,BUY,20,,
2025-12-08T08:28:07.910418Z,price_change,0.1700,BUY,-20,,
2025-12-08T08:28:08.299388Z,price_change,0.1700,BUY,20,,
2025-12-08T08:28:40.977855Z,price_change,0.1700,BUY,-20,,
2025-12-08T08:28:41.371386Z,price_change,0.1700,BUY,20,,
2025-12-08T08:29:14.480782Z,price_change,0.1700,BUY,-20,,
2025-12-08T08:29:14.881166Z,price_change,0.1700,BUY,20,,
2025-12-08T08:29:32.567775Z,price_change,0.0100,BUY,-29,,
2025-12-08T08:29:32.569106Z,price_change,0.0100,BUY,-493,,
2025-12-08T08:29:32.630946Z,price_change,0.0400,BUY,91,,
2025-12-08T08:29:32.632863Z,price_change,0.0500,BUY,61,,
2025-12-08T08:29:32.635272Z,price_change,0.0700,BUY,33,,
2025-12-08T08:29:32.637018Z,price_change,0.0800,BUY,198,,
2025-12-08T08:29:32.638604Z,price_change,0.0900,BUY,113,,
2025-12-08T08:29:48.297297Z,price_change,0.1700,BUY,-20,,
2025-12-08T08:29:48.689225Z,price_change,0.1700,BUY,20,,
2025-12-08T08:30:22.007291Z,price_change,0.1700,BUY,-20,,
2025-12-08T08:30:22.403326Z,price_change,0.1700,BUY,20,,
2025-12-08T08:30:55.437063Z,price_change,0.1700,BUY,-20,,
2025-12-08T08:30:55.83398Z,price_change,0.1700,BUY,20,,
2025-12-08T08:31:28.753575Z,price_change,0.1700,BUY,-20,,
2025-12-08T08:32:02.831697Z,price_change,0.1700,BUY,20,,
2025-12-08T08:32:36.1903Z,price_change,0.1700,BUY,-20,,
2025-12-08T08:32:36.58278Z,price_change,0.1700,BUY,20,,
2025-12-08T08:33:09.241386Z,price_change,0.1700,BUY,-20,,
2025-12-08T08:33:09.648365Z,price_change,0.1700,BUY,20,,
2025-12-08T08:33:42.219786Z,price_change,0.1700,BUY,-20,,
2025-12-08T08:33:42.62112Z,price_change,0.1700,BUY,20,,
2025-12-08T08:34:15.369022Z,price_change,0.1700,BUY,-20,,
2025-12-08T08:34:15.773841Z,price_change,0.1700,BUY,20,,
2025-12-08T08:34:48.048971Z,price_change,0.1700,BUY,-20,,
2025-12-08T08:34:48.45187Z,price_change,0.1700,BUY,20,,
2025-12-08T08:35:20.518528Z,price_change,0.1700,BUY,-20,,
2025-12-08T08:35:20.920463Z,price_change,0.1700,BUY,20,,
2025-12-08T08:35:53.164205Z,price_change,0.1700,BUY,-20,,
2025-12-08T08:35:53.566261Z,price_change,0.1700,BUY,20,,
2025-12-08T08:36:26.163351Z,price_change,0.1700,BUY,-20,,
2025-12-08T08:36:26.46774Z,price_change,0.1700,BUY,20,,
2025-12-08T08:36:58.763388Z,price_change,0.1700,BUY,-20,,
2025-12-08T08:36:59.166947Z,price_change,0.1700,BUY,20,,
2025-12-08T08:37:31.554987Z,price_change,0.1700,BUY,-20,,
2025-12-08T08:37:31.964095Z,price_change,0.1700,BUY,20,,
2025-12-08T08:37:59.177798Z,price_change,0.1200,BUY,-1338,,
2025-12-08T08:38:04.518912Z,price_change,0.1700,BUY,-20,,
2025-12-08T08:38:04.81406Z,price_change,0.1700,BUY,20,,
2025-12-08T08:38:19.687019Z,price_change,0.1200,BUY,1338,,
2025-12-08T08:38:37.223975Z,price_change,0.1700,BUY,-20,,
2025-12-08T08:38:46.761835Z,price_change,0.1200,BUY,-1338,,
2025-12-08T08:38:52.19203Z,price_change,0.1200,BUY,1338,,
2025-12-08T08:39:04.815972Z,price_change,0.1200,BUY,-1338,,
2025-12-08T08:39:10.065039Z,price_change,0.1700,BUY,20,,
2025-12-08T08:39:21.040052Z,price_change,0.1200,BUY,1338,,
2025-12-08T08:39:42.710778Z,price_change,0.1700,BUY,-20,,
2025-12-08T08:39:43.116756Z,price_change,0.1700,BUY,20,,
2025-12-08T08:40:12.142244Z,price_change,0.1200,BUY,-1338,,
2025-12-08T08:40:15.320643Z,price_change,0.1700,BUY,-20,,
2025-12-08T08:40:15.717322Z,price_change,0.1700,BUY,20,,
2025-12-08T08:40:22.679285Z,price_change,0.1200,BUY,1338,,
2025-12-08T08:40:41.685382Z,price_change,0.1200,BUY,-1338,,
2025-12-08T08:40:48.342633Z,price_change,0.1700,BUY,-20,,
2025-12-08T08:40:48.736394Z,price_change,0.1700,BUY,20,,
2025-12-08T08:40:52.317886Z,price_change,0.1200,BUY,1338,,
2025-12-08T08:41:21.114001Z,price_change,0.1700,BUY,-20,,
2025-12-08T08:41:21.515363Z,price_change,0.1700,BUY,20,,
2025-12-08T08:41:53.509938Z,price_change,0.1700,BUY,-20,,
2025-12-08T08:42:14.334388Z,price_change,0.1200,BUY,-1338,,
2025-12-08T08:42:26.316166Z,price_change,0.1700,BUY,20,,
2025-12-08T08:42:27.872575Z,price_change,0.1200,BUY,1338,,
2025-12-08T08:42:58.011133Z,price_change,0.1700,BUY,-20,,
2025-12-08T08:43:15.312385Z,price_change,0.1200,BUY,-1338,,
2025-12-08T08:43:30.798526Z,price_change,0.1700,BUY,20,,
2025-12-08T08:43:31.594602Z,price_change,0.1200,BUY,1338,,
2025-12-08T08:44:03.024949Z,price_change,0.1700,BUY,-20,,
2025-12-08T08:44:03.431624Z,price_change,0.1700,BUY,20,,
2025-12-08T08:44:35.232562Z,price_change,0.1700,BUY,-20,,
2025-12-08T08:45:07.986929Z,price_change,0.1700,BUY,20,,
2025-12-08T08:45:40.419998Z,price_change,0.1700,BUY,-20,,
2025-12-08T08:46:12.931753Z,price_change,0.1700,BUY,20,,
2025-12-08T08:46:44.70616Z,price_change,0.1700,BUY,-20,,
2025-12-08T08:46:45.097367Z,price_change,0.1700,BUY,20,,
2025-12-08T08:48:45.006984Z,price_change,0.1700,BUY,-20,,
2025-12-08T08:49:13.995487Z,price_change,0.1700,BUY,20,,
2025-12-08T08:49:48.170132Z,price_change,0.1700,BUY,-20,,
2025-12-08T08:49:48.581162Z,price_change,0.1700,BUY,20,,
2025-12-08T08:50:23.023885Z,price_change,0.1700,BUY,-20,,
2025-12-08T08:50:23.428361Z,price_change,0.1700,BUY,20,,
2025-12-08T08:50:58.151641Z,price_change,0.1700,BUY,-20,,
2025-12-08T08:50:58.555663Z,price_change,0.1700,BUY,20,,
2025-12-08T08:51:09.641001Z,price_change,0.1200,BUY,-1338,,
2025-12-08T08:51:15.046602Z,price_change,0.1200,BUY,1338,,
2025-12-08T08:51:32.813052Z,price_change,0.1700,BUY,-20,,
2025-12-08T08:51:33.208731Z,price_change,0.1700,BUY,20,,
2025-12-08T08:52:07.408047Z,price_change,0.1700,BUY,-20,,
2025-12-08T08:52:07.808713Z,price_change,0.1700,BUY,20,,
2025-12-08T08:52:42.053259Z,price_change,0.1700,BUY,-20,,
2025-12-08T08:52:42.454332Z,price_change,0.1700,BUY,20,,
2025-12-08T08:53:16.675154Z,price_change,0.1700,BUY,-20,,
2025-12-08T08:53:17.080121Z,price_change,0.1700,BUY,20,,
2025-12-08T08:53:19.532629Z,price_change,0.1200,BUY,-1338,,
2025-12-08T08:53:50.541953Z,price_change,0.1700,BUY,-20,,
2025-12-08T08:53:50.936614Z,price_change,0.1700,BUY,20,,
2025-12-08T08:53:53.202161Z,price_change,0.1200,BUY,1338,,
2025-12-08T08:54:24.835522Z,price_change,0.1700,BUY,-20,,
2025-12-08T08:54:25.224097Z,price_change,0.1700,BUY,20,,
2025-12-08T08:54:58.632952Z,price_change,0.1700,BUY,-20,,
2025-12-08T08:54:59.036013Z,price_change,0.1700,BUY,20,,
2025-12-08T08:55:32.182565Z,price_change,0.1700,BUY,-20,,
2025-12-08T08:55:32.585752Z,price_change,0.1700,BUY,20,,
2025-12-08T08:56:06.084575Z,price_change,0.1700,BUY,-20,,
2025-12-08T08:56:40.241044Z,price_change,0.1700,BUY,20,,
2025-12-08T08:57:13.917476Z,price_change,0.1700,BUY,-20,,
2025-12-08T08:57:14.340076Z,price_change,0.1700,BUY,20,,
2025-12-08T08:57:47.750273Z,price_change,0.1700,BUY,-20,,
2025-12-08T08:57:48.145616Z,price_change,0.1700,BUY,20,,
2025-12-08T08:58:21.306195Z,price_change,0.1700,BUY,-20,,
2025-12-08T08:58:21.699154Z,price_change,0.1700,BUY,20,,
2025-12-08T08:58:54.620795Z,price_change,0.1700,BUY,-20,,
2025-12-08T08:58:55.017936Z,price_change,0.1700,BUY,20,,
2025-12-08T08:59:27.777838Z,price_change,0.1700,BUY,-20,,
2025-12-08T08:59:28.173368Z,price_change,0.1700,BUY,20,,
2025-12-08T09:00:01.127251Z,price_change,0.1700,BUY,-20,,
2025-12-08T09:00:01.603764Z,price_change,0.1700,BUY,20,,
2025-12-08T09:00:34.80964Z,price_change,0.1700,BUY,-20,,
2025-12-08T09:00:35.208384Z,price_change,0.1700,BUY,20,,
2025-12-08T09:01:08.600067Z,price_change,0.1700,BUY,-20,,
2025-12-08T09:01:42.133405Z,price_change,0.1700,BUY,20,,
2025-12-08T09:02:14.91467Z,price_change,0.1700,BUY,-20,,
2025-12-08T09:02:15.318281Z,price_change,0.1700,BUY,20,,
2025-12-08T09:02:48.276554Z,price_change,0.1700,BUY,-20,,
2025-12-08T09:02:48.673121Z,price_change,0.1700,BUY,20,,
2025-12-08T09:03:20.71231Z,price_change,0.1700,BUY,-20,,
2025-12-08T09:03:21.11047Z,price_change,0.1700,BUY,20,,
2025-12-08T09:03:53.291963Z,price_change,0.1700,BUY,-20,,
2025-12-08T09:03:53.68605Z,price_change,0.1700,BUY,20,,
2025-12-08T09:04:26.221073Z,price_change,0.1700,BUY,-20,,
2025-12-08T09:04:59.061168Z,price_change,0.1700,BUY,20,,
2025-12-08T09:05:31.22833Z,price_change,0.1700,BUY,-20,,
2025-12-08T09:06:03.878487Z,price_change,0.1700,BUY,20,,
2025-12-08T09:06:35.877589Z,price_change,0.1700,BUY,-20,,
2025-12-08T09:06:36.270808Z,price_change,0.1700,BUY,20,,
2025-12-08T09:07:07.91476Z,price_change,0.1700,BUY,-20,,
2025-12-08T09:07:08.31406Z,price_change,0.1700,BUY,20,,
2025-12-08T09:07:39.995523Z,price_change,0.1700,BUY,-20,,
2025-12-08T09:07:40.391065Z,price_change,0.1700,BUY,20,,
2025-12-08T09:08:12.16831Z,price_change,0.1700,BUY,-20,,
2025-12-08T09:08:12.568263Z,price_change,0.1700,BUY,20,,
2025-12-08T09:08:44.302282Z,price_change,0.1700,BUY,-20,,
2025-12-08T09:08:44.701148Z,price_change,0.1700,BUY,20,,
2025-12-08T09:09:16.418445Z,price_change,0.1700,BUY,-20,,
2025-12-08T09:09:16.821647Z,price_change,0.1700,BUY,20,,
2025-12-08T09:09:48.997179Z,price_change,0.1700,BUY,-20,,
2025-12-08T09:09:49.389384Z,price_change,0.1700,BUY,20,,
2025-12-08T09:10:30.730262Z,price_change,0.1200,BUY,-1338,,
2025-12-08T09:11:49.00362Z,price_change,0.1700,BUY,-20,,
2025-12-08T09:25:45.908933Z,price_change,0.0400,BUY,-85,,
2025-12-08T09:25:46.107921Z,price_change,0.0500,BUY,-56,,
2025-12-08T09:25:46.270078Z,price_change,0.0700,BUY,-29,,
2025-12-08T09:25:46.475742Z,price_change,0.0800,BUY,-197,,
2025-12-08T09:25:46.669981Z,price_change,0.0900,BUY,-113,,
2025-12-08T09:25:46.771709Z,price_change,0.0100,BUY,501,,
2025-12-08T09:25:46.774031Z,price_change,0.0100,BUY,29,,
