timestamp,event_type,price,side,size,best_bid,best_ask
,book,0.4800,BUY,1,0.4800,0.5000
,book,0.5000,SELL,2228,0.4800,0.5000
2025-12-13T17:08:15.259384Z,price_change,0.5000,SELL,-769,0.48,0.5
2025-12-13T17:08:16.281195Z,price_change,0.3800,SELL,-25,0.48,0.5
2025-12-13T17:08:16.282784Z,price_change,0.4200,SELL,-1204,0.48,0.5
2025-12-13T17:08:16.284009Z,price_change,0.3700,SELL,-25,0.48,0.5
2025-12-13T17:08:16.285145Z,price_change,0.3600,SELL,-2989,0.48,0.5
2025-12-13T17:08:16.286599Z,price_change,0.4500,SELL,-364,0.48,0.5
2025-12-13T17:08:16.507846Z,price_change,0.3600,SELL,4181,0.48,0.5
2025-12-13T17:08:16.509456Z,price_change,0.4500,SELL,426,0.48,0.5
2025-12-13T17:08:16.751551Z,price_change,0.3600,SELL,-4181,0.48,0.5
2025-12-13T17:08:16.891811Z,price_change,0.3800,SELL,25,0.48,0.5
2025-12-13T17:08:16.893471Z,price_change,0.4200,SELL,1204,0.48,0.5
2025-12-13T17:08:16.894595Z,price_change,0.3700,SELL,25,0.48,0.5
2025-12-13T17:08:16.895834Z,price_change,0.3600,SELL,2927,0.48,0.5
2025-12-13T17:08:17.616703Z,price_change,0.3700,SELL,-25,0.48,0.5
2025-12-13T17:08:17.617944Z,price_change,0.3600,SELL,-2927,0.48,0.5
2025-12-13T17:08:17.835732Z,price_change,0.3600,SELL,2952,0.48,0.5
2025-12-13T17:08:17.9569Z,price_change,0.3600,SELL,-2952,0.48,0.5
2025-12-13T17:08:18.171622Z,price_change,0.3700,SELL,25,0.48,0.5
2025-12-13T17:08:18.172496Z,price_change,0.3600,SELL,2927,0.48,0.5
2025-12-13T17:08:35.495811Z,price_change,0.3600,SELL,-2927,0.48,0.5
2025-12-13T17:08:35.496726Z,price_change,0.4500,SELL,-426,0.48,0.5
2025-12-13T17:08:35.7116Z,price_change,0.3600,SELL,2989,0.48,0.5
2025-12-13T17:08:35.712594Z,price_change,0.4500,SELL,364,0.48,0.5
2025-12-13T17:08:36.731313Z,price_change,0.3700,SELL,-25,0.48,0.5
2025-12-13T17:08:36.732775Z,price_change,0.3600,SELL,-2989,0.48,0.5
2025-12-13T17:08:36.863325Z,price_change,0.3600,SELL,3014,0.48,0.5
2025-12-13T17:08:36.979091Z,price_change,0.3600,SELL,-3014,0.48,0.5
2025-12-13T17:08:37.191381Z,price_change,0.3700,SELL,25,0.48,0.5
2025-12-13T17:08:37.192444Z,price_change,0.3600,SELL,2989,0.48,0.5
2025-12-13T17:09:45.856743Z,price_change,0.3600,SELL,-2989,0.48,0.5
2025-12-13T17:09:45.857751Z,price_change,0.4500,SELL,-364,0.48,0.5
2025-12-13T17:09:45.97948Z,price_change,0.3600,SELL,2927,0.48,0.5
2025-12-13T17:09:45.980961Z,price_change,0.4500,SELL,426,0.48,0.5
2025-12-13T17:09:47.317055Z,price_change,0.3700,SELL,-25,0.48,0.5
2025-12-13T17:09:47.31791Z,price_change,0.3600,SELL,-2927,0.48,0.5
2025-12-13T17:09:47.541798Z,price_change,0.3600,SELL,2952,0.48,0.5
2025-12-13T17:09:47.68185Z,price_change,0.3600,SELL,-2952,0.48,0.5
2025-12-13T17:09:47.902703Z,price_change,0.3700,SELL,25,0.48,0.5
2025-12-13T17:09:47.904339Z,price_change,0.3600,SELL,2927,0.48,0.5
2025-12-13T17:10:05.570027Z,price_change,0.3600,SELL,-2927,0.48,0.5
2025-12-13T17:10:05.571178Z,price_change,0.4500,SELL,-426,0.48,0.5
2025-12-13T17:10:05.691522Z,price_change,0.3600,SELL,2989,0.48,0.5
2025-12-13T17:10:05.692886Z,price_change,0.4500,SELL,364,0.48,0.5
2025-12-13T17:11:15.918151Z,price_change,0.3600,SELL,-2989,0.48,0.5
2025-12-13T17:11:15.919633Z,price_change,0.4500,SELL,-364,0.48,0.5
2025-12-13T17:11:16.039626Z,price_change,0.3600,SELL,2927,0.48,0.5
2025-12-13T17:11:16.041213Z,price_change,0.4500,SELL,426,0.48,0.5
2025-12-13T17:11:17.224631Z,price_change,0.3700,SELL,-25,0.48,0.5
2025-12-13T17:11:17.226059Z,price_change,0.3600,SELL,-2927,0.48,0.5
2025-12-13T17:11:17.452206Z,price_change,0.3600,SELL,2952,0.48,0.5
2025-12-13T17:11:17.696988Z,price_change,0.3600,SELL,-2952,0.48,0.5
2025-12-13T17:11:17.91019Z,price_change,0.3700,SELL,25,0.48,0.5
2025-12-13T17:11:17.911598Z,price_change,0.3600,SELL,2927,0.48,0.5
2025-12-13T17:11:35.534017Z,price_change,0.3600,SELL,-2927,0.48,0.5
2025-12-13T17:11:35.535047Z,price_change,0.4500,SELL,-426,0.48,0.5
2025-12-13T17:11:35.757288Z,price_change,0.3600,SELL,2989,0.48,0.5
2025-12-13T17:11:35.758636Z,price_change,0.4500,SELL,364,0.48,0.5
2025-12-13T17:12:10.312721Z,price_change,0.4000,BUY,-894,0.48,0.5
2025-12-13T17:12:10.313785Z,price_change,0.4500,BUY,-706,0.48,0.5
2025-12-13T17:12:10.459316Z,price_change,0.3700,BUY,377,0.48,0.5
2025-12-13T17:12:10.460865Z,price_change,0.3900,BUY,13,0.48,0.5
2025-12-13T17:12:10.462397Z,price_change,0.4000,BUY,1105,0.48,0.5
2025-12-13T17:12:10.463905Z,price_change,0.4500,BUY,105,0.48,0.5
2025-12-13T17:12:28.842185Z,price_change,0.3700,BUY,-377,0.48,0.5
2025-12-13T17:12:28.843029Z,price_change,0.3900,BUY,-13,0.48,0.5
2025-12-13T17:12:28.843862Z,price_change,0.4000,BUY,-1105,0.48,0.5
2025-12-13T17:12:28.844562Z,price_change,0.4500,BUY,-105,0.48,0.5
2025-12-13T17:12:29.058169Z,price_change,0.4000,BUY,894,0.48,0.5
2025-12-13T17:12:29.059052Z,price_change,0.4500,BUY,706,0.48,0.5
2025-12-13T17:12:45.872384Z,price_change,0.3600,SELL,-2989,0.48,0.5
2025-12-13T17:12:45.873218Z,price_change,0.4500,SELL,-364,0.48,0.5
2025-12-13T17:12:45.979505Z,price_change,0.3600,SELL,2927,0.48,0.5
2025-12-13T17:12:45.980915Z,price_change,0.4500,SELL,426,0.48,0.5
2025-12-13T17:12:47.023217Z,price_change,0.3700,SELL,-25,0.48,0.5
2025-12-13T17:12:47.024676Z,price_change,0.3600,SELL,-2927,0.48,0.5
2025-12-13T17:12:47.235992Z,price_change,0.3600,SELL,2952,0.48,0.5
2025-12-13T17:12:47.45892Z,price_change,0.3600,SELL,-2952,0.48,0.5
2025-12-13T17:12:47.567957Z,price_change,0.3700,SELL,25,0.48,0.5
2025-12-13T17:12:47.569447Z,price_change,0.3600,SELL,2927,0.48,0.5
2025-12-13T17:13:05.586792Z,price_change,0.3600,SELL,-2927,0.48,0.5
2025-12-13T17:13:05.588216Z,price_change,0.4500,SELL,-426,0.48,0.5
2025-12-13T17:13:05.827665Z,price_change,0.3600,SELL,2989,0.48,0.5
2025-12-13T17:13:05.8294Z,price_change,0.4500,SELL,364,0.48,0.5
2025-12-13T17:14:15.962742Z,price_change,0.3600,SELL,-2989,0.48,0.5
2025-12-13T17:14:15.964137Z,price_change,0.4500,SELL,-364,0.48,0.5
2025-12-13T17:14:16.175484Z,price_change,0.3600,SELL,2927,0.48,0.5
2025-12-13T17:14:16.176817Z,price_change,0.4500,SELL,426,0.48,0.5
2025-12-13T17:14:17.431954Z,price_change,0.3700,SELL,-25,0.48,0.5
2025-12-13T17:14:17.433297Z,price_change,0.3600,SELL,-2927,0.48,0.5
2025-12-13T17:14:17.550038Z,price_change,0.3600,SELL,2952,0.48,0.5
2025-12-13T17:14:17.781607Z,price_change,0.3600,SELL,-2952,0.48,0.5
2025-12-13T17:14:18.002504Z,price_change,0.3700,SELL,25,0.48,0.5
2025-12-13T17:14:18.003859Z,price_change,0.3600,SELL,2927,0.48,0.5
2025-12-13T17:14:35.556791Z,price_change,0.3600,SELL,-2927,0.48,0.5
2025-12-13T17:14:35.558533Z,price_change,0.4500,SELL,-426,0.48,0.5
2025-12-13T17:14:35.674431Z,price_change,0.3600,SELL,2989,0.48,0.5
2025-12-13T17:14:35.676605Z,price_change,0.4500,SELL,364,0.48,0.5
2025-12-13T17:14:36.324891Z,price_change,0.3700,SELL,-25,0.48,0.5
2025-12-13T17:14:36.325876Z,price_change,0.3600,SELL,-2989,0.48,0.5
2025-12-13T17:14:36.636277Z,price_change,0.3700,SELL,118,0.48,0.5
2025-12-13T17:14:36.638029Z,price_change,0.3600,SELL,2896,0.48,0.5
2025-12-13T17:14:36.756967Z,price_change,0.3700,SELL,-118,0.48,0.5
2025-12-13T17:14:36.758226Z,price_change,0.3600,SELL,-2896,0.48,0.5
2025-12-13T17:14:36.873912Z,price_change,0.3700,SELL,25,0.48,0.5
2025-12-13T17:14:36.881657Z,price_change,0.3600,SELL,2989,0.48,0.5
2025-12-13T17:14:38.731612Z,price_change,0.4800,SELL,7,0.48,0.5
2025-12-13T17:14:39.278775Z,price_change,0.3800,SELL,-25,0.48,0.5
2025-12-13T17:14:39.27951Z,price_change,0.3700,SELL,-25,0.48,0.5
2025-12-13T17:14:39.280208Z,price_change,0.3600,SELL,-2989,0.48,0.5
2025-12-13T17:14:39.391673Z,price_change,0.3600,SELL,3039,0.48,0.5
2025-12-13T17:14:39.614707Z,price_change,0.3600,SELL,-3039,0.48,0.5
2025-12-13T17:14:39.831275Z,price_change,0.3800,SELL,25,0.48,0.5
2025-12-13T17:14:39.832035Z,price_change,0.3700,SELL,25,0.48,0.5
2025-12-13T17:14:39.832871Z,price_change,0.3600,SELL,2989,0.48,0.5
2025-12-13T17:15:45.895611Z,price_change,0.3600,SELL,-2989,0.48,0.5
2025-12-13T17:15:45.896657Z,price_change,0.4500,SELL,-364,0.48,0.5
2025-12-13T17:15:46.018173Z,price_change,0.3600,SELL,2927,0.48,0.5
2025-12-13T17:15:46.019916Z,price_change,0.4500,SELL,426,0.48,0.5
2025-12-13T17:15:47.280338Z,price_change,0.3700,SELL,-25,0.48,0.5
2025-12-13T17:15:47.281147Z,price_change,0.3600,SELL,-2927,0.48,0.5
2025-12-13T17:15:47.400974Z,price_change,0.3600,SELL,2952,0.48,0.5
2025-12-13T17:15:47.649357Z,price_change,0.3600,SELL,-2952,0.48,0.5
2025-12-13T17:15:47.773114Z,price_change,0.3700,SELL,25,0.48,0.5
2025-12-13T17:15:47.774724Z,price_change,0.3600,SELL,2927,0.48,0.5
2025-12-13T17:16:05.517584Z,price_change,0.3600,SELL,-2927,0.48,0.5
2025-12-13T17:16:05.51856Z,price_change,0.4500,SELL,-426,0.48,0.5
2025-12-13T17:16:05.630969Z,price_change,0.3600,SELL,2989,0.48,0.5
2025-12-13T17:16:05.632664Z,price_change,0.4500,SELL,364,0.48,0.5
,book,0.4800,BUY,1,0.4800,0.5000
,book,0.5000,SELL,1459,0.4800,0.5000
2025-12-13T17:17:14.909666Z,price_change,0.4000,BUY,-894,0.48,0.99
2025-12-13T17:17:14.91047Z,price_change,0.4500,BUY,-706,0.48,0.99
2025-12-13T17:17:15.029269Z,price_change,0.3700,BUY,377,0.48,0.99
2025-12-13T17:17:15.030225Z,price_change,0.3900,BUY,13,0.48,0.99
2025-12-13T17:17:15.03292Z,price_change,0.4000,BUY,1105,0.48,0.99
2025-12-13T17:17:15.034074Z,price_change,0.4500,BUY,105,0.48,0.99
2025-12-13T17:17:15.662319Z,price_change,0.3600,SELL,-2989,0.48,0.99
2025-12-13T17:17:15.663762Z,price_change,0.4500,SELL,-364,0.48,0.99
2025-12-13T17:17:15.782065Z,price_change,0.3600,SELL,2927,0.48,0.99
2025-12-13T17:17:15.783535Z,price_change,0.4500,SELL,426,0.48,0.99
2025-12-13T17:17:25.329389Z,price_change,0.3700,BUY,-377,0.48,0.99
2025-12-13T17:17:25.330765Z,price_change,0.3900,BUY,-13,0.48,0.99
2025-12-13T17:17:25.332863Z,price_change,0.4000,BUY,-1105,0.48,0.99
2025-12-13T17:17:25.334348Z,price_change,0.4500,BUY,-105,0.48,0.99
2025-12-13T17:17:25.462718Z,price_change,0.4000,BUY,894,0.48,0.99
2025-12-13T17:17:25.464426Z,price_change,0.4500,BUY,706,0.48,0.99
2025-12-13T17:17:35.416909Z,price_change,0.3600,SELL,-2927,0.48,0.99
2025-12-13T17:17:35.418337Z,price_change,0.4500,SELL,-426,0.48,0.99
2025-12-13T17:17:35.638901Z,price_change,0.3600,SELL,2989,0.48,0.99
2025-12-13T17:17:35.639895Z,price_change,0.4500,SELL,364,0.48,0.99
2025-12-13T17:17:53.892033Z,price_change,0.3800,SELL,-25,0.48,0.99
2025-12-13T17:17:53.892866Z,price_change,0.3600,SELL,-2989,0.48,0.99
2025-12-13T17:17:54.1129Z,price_change,0.3600,SELL,3014,0.48,0.99
2025-12-13T17:17:54.264065Z,price_change,0.3700,SELL,-25,0.48,0.99
2025-12-13T17:17:54.264886Z,price_change,0.3600,SELL,-3014,0.48,0.99
2025-12-13T17:17:54.485881Z,price_change,0.3700,SELL,50,0.48,0.99
2025-12-13T17:17:54.487571Z,price_change,0.3600,SELL,2989,0.48,0.99
2025-12-13T17:18:45.974934Z,price_change,0.3600,SELL,-2989,0.48,0.99
2025-12-13T17:18:45.976227Z,price_change,0.4500,SELL,-364,0.48,0.99
2025-12-13T17:18:46.18779Z,price_change,0.3600,SELL,2927,0.48,0.99
2025-12-13T17:18:46.189256Z,price_change,0.4500,SELL,426,0.48,0.99
2025-12-13T17:19:05.418299Z,price_change,0.3600,SELL,-2927,0.48,0.99
2025-12-13T17:19:05.419353Z,price_change,0.4500,SELL,-426,0.48,0.99
2025-12-13T17:19:05.640864Z,price_change,0.3600,SELL,2989,0.48,0.99
2025-12-13T17:19:05.641553Z,price_change,0.4500,SELL,364,0.48,0.99
2025-12-13T17:19:29.355782Z,price_change,0.4600,BUY,-10,0.48,0.99
2025-12-13T17:19:29.441398Z,price_change,0.4600,BUY,-10,0.48,0.99
2025-12-13T17:19:29.528007Z,price_change,0.4600,BUY,-10,0.48,0.99
2025-12-13T17:19:29.743154Z,price_change,0.4600,BUY,10,0.48,0.99
2025-12-13T17:19:29.77288Z,price_change,0.4600,BUY,10,0.48,0.99
2025-12-13T17:19:29.774127Z,price_change,0.4600,BUY,10,0.48,0.99
2025-12-13T17:20:15.872157Z,price_change,0.3600,SELL,-2989,0.48,0.99
2025-12-13T17:20:15.873491Z,price_change,0.4500,SELL,-364,0.48,0.99
2025-12-13T17:20:15.991477Z,price_change,0.3600,SELL,2927,0.48,0.99
2025-12-13T17:20:15.993052Z,price_change,0.4500,SELL,426,0.48,0.99
2025-12-13T17:20:35.406367Z,price_change,0.3600,SELL,-2927,0.48,0.99
2025-12-13T17:20:35.407954Z,price_change,0.4500,SELL,-426,0.48,0.99
2025-12-13T17:20:35.62237Z,price_change,0.3600,SELL,2989,0.48,0.99
2025-12-13T17:20:35.62381Z,price_change,0.4500,SELL,364,0.48,0.99
2025-12-13T17:20:36.698473Z,price_change,0.3700,SELL,-50,0.48,0.99
2025-12-13T17:20:36.700688Z,price_change,0.3600,SELL,-2989,0.48,0.99
2025-12-13T17:20:36.911899Z,price_change,0.3600,SELL,3039,0.48,0.99
2025-12-13T17:20:37.029015Z,price_change,0.3600,SELL,-3039,0.48,0.99
2025-12-13T17:20:37.139955Z,price_change,0.3700,SELL,50,0.48,0.99
2025-12-13T17:20:37.141765Z,price_change,0.3600,SELL,2989,0.48,0.99
2025-12-13T17:21:30.418753Z,price_change,0.4800,SELL,-7,0.48,0.99
2025-12-13T17:21:31.533243Z,price_change,0.3700,SELL,-50,0.48,0.99
2025-12-13T17:21:31.534971Z,price_change,0.3600,SELL,-2989,0.48,0.99
2025-12-13T17:21:31.654138Z,price_change,0.3600,SELL,3039,0.48,0.99
2025-12-13T17:21:31.914459Z,price_change,0.3600,SELL,-3039,0.48,0.99
2025-12-13T17:21:32.145203Z,price_change,0.3700,SELL,50,0.48,0.99
2025-12-13T17:21:32.146834Z,price_change,0.3600,SELL,2989,0.48,0.99
2025-12-13T17:21:45.907753Z,price_change,0.3600,SELL,-2989,0.48,0.99
2025-12-13T17:21:45.908646Z,price_change,0.4500,SELL,-364,0.48,0.99
2025-12-13T17:21:46.033949Z,price_change,0.3600,SELL,2927,0.48,0.99
2025-12-13T17:21:46.036482Z,price_change,0.4500,SELL,426,0.48,0.99
2025-12-13T17:22:05.604163Z,price_change,0.3600,SELL,-2927,0.48,0.99
2025-12-13T17:22:05.604971Z,price_change,0.4500,SELL,-426,0.48,0.99
2025-12-13T17:22:05.835195Z,price_change,0.3600,SELL,2989,0.48,0.99
2025-12-13T17:22:05.836905Z,price_change,0.4500,SELL,364,0.48,0.99
2025-12-13T17:22:07.166548Z,price_change,0.3700,SELL,-50,0.48,0.99
2025-12-13T17:22:07.167437Z,price_change,0.3600,SELL,-2989,0.48,0.99
2025-12-13T17:22:07.386206Z,price_change,0.3600,SELL,3039,0.48,0.99
2025-12-13T17:22:07.540688Z,price_change,0.3600,SELL,-3039,0.48,0.99
2025-12-13T17:22:07.75875Z,price_change,0.3700,SELL,50,0.48,0.99
2025-12-13T17:22:07.759576Z,price_change,0.3600,SELL,2989,0.48,0.99
2025-12-13T17:23:15.940303Z,price_change,0.3600,SELL,-2989,0.48,0.99
2025-12-13T17:23:15.941219Z,price_change,0.4500,SELL,-364,0.48,0.99
2025-12-13T17:23:16.059786Z,price_change,0.3600,SELL,2927,0.48,0.99
2025-12-13T17:23:16.061097Z,price_change,0.4500,SELL,426,0.48,0.99
2025-12-13T17:23:16.319682Z,price_change,0.3700,SELL,-50,0.48,0.99
2025-12-13T17:23:16.576997Z,price_change,0.3800,SELL,25,0.48,0.99
2025-12-13T17:23:16.577938Z,price_change,0.3700,SELL,25,0.48,0.99
2025-12-13T17:23:17.404522Z,price_change,0.3700,SELL,-25,0.48,0.99
2025-12-13T17:23:17.405206Z,price_change,0.3600,SELL,-2927,0.48,0.99
2025-12-13T17:23:17.527028Z,price_change,0.3600,SELL,2952,0.48,0.99
2025-12-13T17:23:17.783165Z,price_change,0.3600,SELL,-2952,0.48,0.99
2025-12-13T17:23:17.900313Z,price_change,0.3700,SELL,25,0.48,0.99
2025-12-13T17:23:17.90112Z,price_change,0.3600,SELL,2927,0.48,0.99
2025-12-13T17:23:35.43258Z,price_change,0.3600,SELL,-2927,0.48,0.99
2025-12-13T17:23:35.433514Z,price_change,0.4500,SELL,-426,0.48,0.99
2025-12-13T17:23:35.552389Z,price_change,0.3600,SELL,2989,0.48,0.99
2025-12-13T17:23:35.553429Z,price_change,0.4500,SELL,364,0.48,0.99
2025-12-13T17:23:36.75202Z,price_change,0.3700,SELL,-25,0.48,0.99
2025-12-13T17:23:36.753794Z,price_change,0.3600,SELL,-2989,0.48,0.99
2025-12-13T17:23:36.976301Z,price_change,0.3600,SELL,3014,0.48,0.99
2025-12-13T17:23:37.115867Z,price_change,0.3600,SELL,-3014,0.48,0.99
2025-12-13T17:23:37.230746Z,price_change,0.3700,SELL,25,0.48,0.99
2025-12-13T17:23:37.231938Z,price_change,0.3600,SELL,2989,0.48,0.99
2025-12-13T17:23:56.931959Z,price_change,0.1700,SELL,-890,0.48,0.99
2025-12-13T17:23:56.992126Z,price_change,0.1400,BUY,-862,0.48,0.99
2025-12-13T17:23:57.166184Z,price_change,0.1400,BUY,860,0.48,0.99
2025-12-13T17:23:57.225655Z,price_change,0.1700,SELL,885,0.48,0.99
2025-12-13T17:24:45.970285Z,price_change,0.3600,SELL,-2989,0.48,0.99
2025-12-13T17:24:45.970972Z,price_change,0.4500,SELL,-364,0.48,0.99
2025-12-13T17:24:46.197925Z,price_change,0.3600,SELL,2927,0.48,0.99
2025-12-13T17:24:46.199297Z,price_change,0.4500,SELL,426,0.48,0.99
2025-12-13T17:24:47.225696Z,price_change,0.3700,SELL,-25,0.48,0.99
2025-12-13T17:24:47.226487Z,price_change,0.3600,SELL,-2927,0.48,0.99
2025-12-13T17:24:47.338948Z,price_change,0.3600,SELL,2952,0.48,0.99
2025-12-13T17:24:47.457295Z,price_change,0.3600,SELL,-2952,0.48,0.99
2025-12-13T17:24:47.671912Z,price_change,0.3700,SELL,25,0.48,0.99
2025-12-13T17:24:47.673379Z,price_change,0.3600,SELL,2927,0.48,0.99
2025-12-13T17:25:05.563227Z,price_change,0.3600,SELL,-2927,0.48,0.99
2025-12-13T17:25:05.578792Z,price_change,0.4500,SELL,-426,0.48,0.99
2025-12-13T17:25:05.833229Z,price_change,0.3600,SELL,2989,0.48,0.99
2025-12-13T17:25:05.83413Z,price_change,0.4500,SELL,364,0.48,0.99
2025-12-13T17:26:16.008335Z,price_change,0.3600,SELL,-2989,0.48,0.99
2025-12-13T17:26:16.009492Z,price_change,0.4500,SELL,-364,0.48,0.99
2025-12-13T17:26:16.13735Z,price_change,0.3600,SELL,2927,0.48,0.99
2025-12-13T17:26:16.138158Z,price_change,0.4500,SELL,426,0.48,0.99
2025-12-13T17:26:35.493985Z,price_change,0.3600,SELL,-2927,0.48,0.99
2025-12-13T17:26:35.495538Z,price_change,0.4500,SELL,-426,0.48,0.99
2025-12-13T17:26:35.712286Z,price_change,0.3600,SELL,2989,0.48,0.99
2025-12-13T17:26:35.713244Z,price_change,0.4500,SELL,364,0.48,0.99
2025-12-13T17:27:23.121279Z,price_change,0.4000,BUY,-894,0.48,0.99
2025-12-13T17:27:23.122926Z,price_change,0.4500,BUY,-706,0.48,0.99
2025-12-13T17:27:23.357177Z,price_change,0.3700,BUY,377,0.48,0.99
2025-12-13T17:27:23.358758Z,price_change,0.3900,BUY,13,0.48,0.99
2025-12-13T17:27:23.360154Z,price_change,0.4000,BUY,1105,0.48,0.99
2025-12-13T17:27:23.361536Z,price_change,0.4500,BUY,105,0.48,0.99
2025-12-13T17:27:45.884464Z,price_change,0.3600,SELL,-2989,0.48,0.99
2025-12-13T17:27:45.885964Z,price_change,0.4500,SELL,-364,0.48,0.99
2025-12-13T17:27:46.007812Z,price_change,0.3600,SELL,2927,0.48,0.99
2025-12-13T17:27:46.009199Z,price_change,0.4500,SELL,426,0.48,0.99
2025-12-13T17:28:05.533024Z,price_change,0.3600,SELL,-2927,0.48,0.99
2025-12-13T17:28:05.533825Z,price_change,0.4500,SELL,-426,0.48,0.99
2025-12-13T17:28:05.758141Z,price_change,0.3600,SELL,2989,0.48,0.99
2025-12-13T17:28:05.759486Z,price_change,0.4500,SELL,364,0.48,0.99
2025-12-13T17:28:19.825992Z,price_change,0.3700,BUY,-377,0.48,0.99
2025-12-13T17:28:19.827351Z,price_change,0.3900,BUY,-13,0.48,0.99
2025-12-13T17:28:19.828728Z,price_change,0.4000,BUY,-1105,0.48,0.99
2025-12-13T17:28:19.830183Z,price_change,0.4500,BUY,-105,0.48,0.99
2025-12-13T17:28:20.064213Z,price_change,0.4000,BUY,894,0.48,0.99
2025-12-13T17:28:20.066243Z,price_change,0.4500,BUY,706,0.48,0.99
,book,0.4700,BUY,4521,0.4700,0.5
,book,0.5,SELL,1459,0.4700,0.5
2025-12-13T20:10:45.330433Z,price_change,0.48,BUY,5,0.48,0.5
2025-12-13T20:10:45.350958Z,price_change,0.49,SELL,7,0.48,0.49
2025-12-13T20:11:04.874864Z,price_change,0.48,BUY,-5,0.47,0.49
2025-12-13T20:11:04.898013Z,price_change,0.49,SELL,-7,0.47,0.5
2025-12-13T20:11:05.185861Z,price_change,0.48,BUY,5,0.48,0.5
2025-12-13T20:11:05.211388Z,price_change,0.49,SELL,7,0.48,0.49
2025-12-13T20:11:06.231102Z,price_change,0.5700000000000001,SELL,-415,0.48,0.49
2025-12-13T20:11:06.232089Z,price_change,0.64,SELL,-2711,0.48,0.49
2025-12-13T20:11:06.343398Z,price_change,0.5700000000000001,SELL,408,0.48,0.49
2025-12-13T20:11:06.344115Z,price_change,0.64,SELL,2718,0.48,0.49
2025-12-13T20:11:06.577571Z,price_change,0.5700000000000001,SELL,-408,0.48,0.49
2025-12-13T20:11:06.578689Z,price_change,0.64,SELL,-2718,0.48,0.49
2025-12-13T20:11:06.701079Z,price_change,0.5700000000000001,SELL,415,0.48,0.49
2025-12-13T20:11:06.7019Z,price_change,0.64,SELL,2711,0.48,0.49
2025-12-13T20:11:16.008211Z,price_change,0.64,SELL,-2711,0.48,0.49
2025-12-13T20:11:16.009598Z,price_change,0.56,SELL,-250,0.48,0.49
2025-12-13T20:11:16.226168Z,price_change,0.64,SELL,2649,0.48,0.49
2025-12-13T20:11:16.227587Z,price_change,0.56,SELL,312,0.48,0.49
,book,0.4700,BUY,4521,0.4700,0.5
,book,0.5,SELL,1459,0.4700,0.5
2025-12-13T20:12:23.833213Z,price_change,0.48,BUY,5,0.48,0.5
2025-12-13T20:12:23.857236Z,price_change,0.49,SELL,7,0.48,0.49
2025-12-13T20:12:24.70218Z,price_change,0.5700000000000001,SELL,-415,0.48,0.49
2025-12-13T20:12:24.702927Z,price_change,0.64,SELL,-2711,0.48,0.49
2025-12-13T20:12:24.815249Z,price_change,0.5700000000000001,SELL,408,0.48,0.49
2025-12-13T20:12:24.816228Z,price_change,0.64,SELL,2718,0.48,0.49
2025-12-13T20:12:25.042901Z,price_change,0.5700000000000001,SELL,-408,0.48,0.49
2025-12-13T20:12:25.044003Z,price_change,0.64,SELL,-2718,0.48,0.49
2025-12-13T20:12:25.161755Z,price_change,0.5700000000000001,SELL,415,0.48,0.49
2025-12-13T20:12:25.163209Z,price_change,0.64,SELL,2711,0.48,0.49
,book,0.5100,BUY,225,0.5100,0.54
,book,0.54,SELL,486,0.5100,0.54
2025-12-25T06:11:48.311179Z,price_change,0.51,BUY,-36,0.51,0.54
2025-12-25T06:11:48.404676Z,price_change,0.5,BUY,36,0.51,0.54
2025-12-25T06:12:07.71144Z,price_change,0.56,SELL,-38,0.51,0.54
2025-12-25T06:12:07.797199Z,price_change,0.49,BUY,-50,0.51,0.54
2025-12-25T06:12:07.980831Z,price_change,0.56,SELL,-37,0.51,0.54
2025-12-25T06:12:08.06519Z,price_change,0.49,BUY,-50,0.51,0.54
2025-12-25T06:12:08.151268Z,price_change,0.56,SELL,-38,0.51,0.54
2025-12-25T06:12:08.234642Z,price_change,0.49,BUY,-50,0.51,0.54
2025-12-25T06:12:08.442789Z,price_change,0.49,BUY,50,0.51,0.54
2025-12-25T06:12:08.444678Z,price_change,0.56,SELL,38,0.51,0.54
2025-12-25T06:12:08.455239Z,price_change,0.49,BUY,50,0.51,0.54
2025-12-25T06:12:08.456794Z,price_change,0.56,SELL,38,0.51,0.54
2025-12-25T06:12:08.557981Z,price_change,0.49,BUY,50,0.51,0.54
2025-12-25T06:12:08.559301Z,price_change,0.56,SELL,37,0.51,0.54
2025-12-25T06:14:08.93935Z,price_change,0.5,BUY,-36,0.51,0.54
2025-12-25T06:14:09.031578Z,price_change,0.51,BUY,36,0.51,0.54
2025-12-25T06:17:16.327112Z,price_change,0.51,BUY,-36,0.51,0.54
2025-12-25T06:17:16.425013Z,price_change,0.5,BUY,36,0.51,0.54
2025-12-25T06:20:21.798327Z,price_change,0.5,BUY,-36,0.51,0.54
2025-12-25T06:20:21.891111Z,price_change,0.51,BUY,36,0.51,0.54
2025-12-25T06:22:44.433115Z,price_change,0.51,BUY,-36,0.51,0.54
2025-12-25T06:22:44.522299Z,price_change,0.5,BUY,36,0.51,0.54
2025-12-25T06:25:51.031439Z,price_change,0.5,BUY,-36,0.51,0.54
2025-12-25T06:25:51.109719Z,price_change,0.51,BUY,36,0.51,0.54
2025-12-25T06:28:57.23384Z,price_change,0.51,BUY,-36,0.51,0.54
2025-12-25T06:28:57.31999Z,price_change,0.5,BUY,36,0.51,0.54
2025-12-25T06:31:19.627132Z,price_change,0.5,BUY,-36,0.51,0.54
2025-12-25T06:31:19.678961Z,price_change,0.51,BUY,36,0.51,0.54
2025-12-25T06:31:21.483843Z,price_change,0.56,SELL,-37,0.51,0.54
2025-12-25T06:31:21.569485Z,price_change,0.49,BUY,-50,0.51,0.54
2025-12-25T06:31:21.657704Z,price_change,0.56,SELL,-38,0.51,0.54
2025-12-25T06:31:21.743294Z,price_change,0.49,BUY,-50,0.51,0.54
2025-12-25T06:31:21.84052Z,price_change,0.56,SELL,-38,0.51,0.54
2025-12-25T06:31:21.925963Z,price_change,0.49,BUY,-50,0.51,0.54
2025-12-25T06:31:22.135997Z,price_change,0.49,BUY,50,0.51,0.54
2025-12-25T06:31:22.136659Z,price_change,0.56,SELL,38,0.51,0.54
2025-12-25T06:31:22.163932Z,price_change,0.49,BUY,50,0.51,0.54
2025-12-25T06:31:22.165097Z,price_change,0.56,SELL,38,0.51,0.54
2025-12-25T06:31:22.166853Z,price_change,0.49,BUY,50,0.51,0.54
2025-12-25T06:31:22.168825Z,price_change,0.56,SELL,37,0.51,0.54
2025-12-25T06:34:00.475576Z,price_change,0.5700000000000001,SELL,100,0.51,0.54
2025-12-25T06:34:26.883587Z,price_change,0.51,BUY,-36,0.51,0.54
2025-12-25T06:34:26.989757Z,price_change,0.5,BUY,36,0.51,0.54
2025-12-25T06:37:33.606088Z,price_change,0.5,BUY,-36,0.51,0.54
2025-12-25T06:37:33.678067Z,price_change,0.51,BUY,36,0.51,0.54
,book,0.5100,BUY,104,0.5100,0.54
,book,0.54,SELL,483,0.5100,0.54
,book,0.5100,BUY,104,0.5100,0.54
,book,0.54,SELL,483,0.5100,0.54
,book,0.4800,BUY,8168,0.4800,0.49
,book,0.49,SELL,869,0.4800,0.49
2025-12-26T03:20:07.206117Z,price_change,0.51,SELL,500,0.48,0.49
,book,0.7700,BUY,67,0.7700,0.78
,book,0.78,SELL,1571,0.7700,0.78
2026-01-03T20:05:36.014903Z,price_change,0.7,BUY,38,0.77,0.78
2026-01-03T20:05:36.019929Z,price_change,0.78,SELL,888,0.77,0.78
,book,0.7700,BUY,49,0.7700,0.78
,book,0.78,SELL,799,0.7700,0.78
2026-01-03T20:14:44.153603Z,price_change,0.72,BUY,32,0.77,0.78
2026-01-03T20:14:44.343141Z,price_change,0.71,BUY,-110,0.77,0.78
2026-01-03T20:14:54.983943Z,price_change,0.78,SELL,-354,0.77,0.78
2026-01-03T20:14:54.983943Z,price_change,0.72,BUY,-32,0.77,0.78
2026-01-03T20:15:07.571684Z,price_change,0.8,SELL,-500,0.77,0.78
2026-01-03T20:15:07.775241Z,price_change,0.81,SELL,500,0.77,0.78
2026-01-03T20:15:08.486724Z,price_change,0.81,SELL,-500,0.77,0.78
2026-01-03T20:15:08.674919Z,price_change,0.8,SELL,500,0.77,0.78
2026-01-03T20:15:18.689125Z,price_change,0.72,BUY,32,0.77,0.78
2026-01-03T20:15:18.690813Z,price_change,0.78,SELL,354,0.77,0.78
2026-01-03T20:15:34.491671Z,price_change,0.72,BUY,-32,0.77,0.78
2026-01-03T20:15:34.491671Z,price_change,0.78,SELL,-354,0.77,0.78
2026-01-03T20:15:41.045727Z,price_change,0.72,BUY,32,0.77,0.78
2026-01-03T20:15:41.046499Z,price_change,0.78,SELL,354,0.77,0.78
2026-01-03T20:15:41.631169Z,price_change,0.8,SELL,-500,0.77,0.78
2026-01-03T20:15:41.680538Z,price_change,0.81,SELL,500,0.77,0.78
2026-01-03T20:15:53.914632Z,price_change,0.72,BUY,-32,0.77,0.78
2026-01-03T20:15:53.914632Z,price_change,0.78,SELL,-354,0.77,0.78
2026-01-03T20:15:58.171449Z,price_change,0.72,BUY,32,0.77,0.78
2026-01-03T20:15:58.173577Z,price_change,0.78,SELL,354,0.77,0.78
2026-01-03T20:16:32.632552Z,price_change,0.72,BUY,-32,0.77,0.78
2026-01-03T20:16:32.632552Z,price_change,0.78,SELL,-354,0.77,0.78
2026-01-03T20:16:47.971068Z,price_change,0.72,BUY,32,0.77,0.78
2026-01-03T20:16:47.971922Z,price_change,0.78,SELL,354,0.77,0.78
2026-01-03T20:16:58.352195Z,price_change,0.72,BUY,-32,0.77,0.78
2026-01-03T20:16:58.352195Z,price_change,0.78,SELL,-354,0.77,0.78
2026-01-03T20:16:59.542315Z,price_change,0.8,SELL,100,0.77,0.78
2026-01-03T20:16:59.543236Z,price_change,0.81,SELL,100,0.77,0.78
2026-01-03T20:16:59.795509Z,price_change,0.81,SELL,-500,0.77,0.78
2026-01-03T20:16:59.796616Z,price_change,0.8,SELL,-500,0.77,0.78
2026-01-03T20:17:04.258437Z,price_change,0.81,SELL,-100,0.77,0.78
2026-01-03T20:17:04.259941Z,price_change,0.8,SELL,-100,0.77,0.78
2026-01-03T20:17:15.193672Z,price_change,0.72,BUY,32,0.77,0.78
2026-01-03T20:17:15.195291Z,price_change,0.78,SELL,354,0.77,0.78
,book,0.7700,BUY,49,0.7700,0.78
,book,0.78,SELL,799,0.7700,0.78
2026-01-03T20:19:59.081046Z,price_change,0.78,SELL,344,0.77,0.78
2026-01-03T20:19:59.084519Z,price_change,0.78,SELL,-354,0.77,0.78
2026-01-03T20:19:59.202008Z,price_change,0.78,SELL,-344,0.77,0.78
2026-01-03T20:19:59.209007Z,price_change,0.78,SELL,354,0.77,0.78
2026-01-03T20:20:35.548476Z,price_change,0.72,BUY,-32,0.77,0.78
2026-01-03T20:20:35.548476Z,price_change,0.78,SELL,-354,0.77,0.78
2026-01-03T20:20:52.463555Z,price_change,0.78,SELL,-10,0.77,0.78
2026-01-03T20:20:52.608518Z,price_change,0.78,SELL,-10,0.77,0.78
2026-01-03T20:20:52.731188Z,price_change,0.81,SELL,-41,0.77,0.78
2026-01-03T20:20:52.766953Z,price_change,0.72,BUY,32,0.77,0.78
2026-01-03T20:20:52.768344Z,price_change,0.78,SELL,354,0.77,0.78
2026-01-03T20:20:52.835917Z,price_change,0.81,SELL,-44,0.77,0.78
2026-01-03T20:20:52.926112Z,price_change,0.83,SELL,-61,0.77,0.78
2026-01-03T20:20:53.028052Z,price_change,0.83,SELL,-61,0.77,0.78
2026-01-03T20:20:53.17469Z,price_change,0.91,SELL,-15,0.77,0.78
2026-01-03T20:20:53.285217Z,price_change,0.91,SELL,-90,0.77,0.78
2026-01-03T20:20:53.396349Z,price_change,0.91,SELL,-91,0.77,0.78
2026-01-03T20:20:53.509392Z,price_change,0.91,SELL,-14,0.77,0.78
2026-01-03T20:20:53.581194Z,price_change,0.91,SELL,-7,0.77,0.78
2026-01-03T20:20:53.704893Z,price_change,0.79,SELL,20,0.77,0.78
2026-01-03T20:20:53.786942Z,price_change,0.8200000000000001,SELL,101,0.77,0.78
2026-01-03T20:20:53.896237Z,price_change,0.84,SELL,132,0.77,0.78
2026-01-03T20:20:54.015273Z,price_change,0.94,SELL,349,0.77,0.78
2026-01-03T20:20:54.343056Z,price_change,0.76,BUY,-18,0.77,0.78
2026-01-03T20:20:54.461255Z,price_change,0.76,BUY,-4,0.77,0.78
2026-01-03T20:20:54.544024Z,price_change,0.76,BUY,-14,0.77,0.78
2026-01-03T20:20:54.644142Z,price_change,0.77,BUY,36,0.77,0.78
,book,0.7700,BUY,85,0.7700,0.78
,book,0.78,SELL,779,0.7700,0.78
2026-01-03T20:21:53.8928Z,price_change,0.81,SELL,1,0.77,0.78
2026-01-03T20:21:54.484068Z,price_change,0.76,BUY,1,0.77,0.78
2026-01-03T20:21:54.691363Z,price_change,0.78,SELL,390,0.77,0.78
2026-01-03T20:21:54.693595Z,price_change,0.78,SELL,-354,0.77,0.78
2026-01-03T20:22:30.297497Z,price_change,0.72,BUY,-25,0.77,0.78
2026-01-03T20:22:30.297497Z,price_change,0.78,SELL,-390,0.77,0.78
2026-01-03T20:22:34.831093Z,price_change,0.72,BUY,25,0.77,0.78
2026-01-03T20:22:34.832207Z,price_change,0.78,SELL,308,0.77,0.78
2026-01-03T20:22:48.436931Z,price_change,0.79,SELL,-20,0.77,0.78
2026-01-03T20:22:48.528284Z,price_change,0.8200000000000001,SELL,-101,0.77,0.78
2026-01-03T20:22:48.681188Z,price_change,0.84,SELL,-132,0.77,0.78
2026-01-03T20:22:48.781783Z,price_change,0.94,SELL,-349,0.77,0.78
2026-01-03T20:22:48.89698Z,price_change,0.98,SELL,-2196,0.77,0.78
2026-01-03T20:22:48.995189Z,price_change,0.98,SELL,-626,0.77,0.78
2026-01-03T20:22:49.076653Z,price_change,0.78,SELL,20,0.77,0.78
2026-01-03T20:22:49.171125Z,price_change,0.81,SELL,85,0.77,0.78
2026-01-03T20:22:49.264736Z,price_change,0.83,SELL,122,0.77,0.78
2026-01-03T20:22:49.345514Z,price_change,0.91,SELL,202,0.77,0.78
2026-01-03T20:22:49.448766Z,price_change,0.97,SELL,1849,0.77,0.78
2026-01-03T20:22:49.755455Z,price_change,0.77,BUY,-36,0.77,0.78
2026-01-03T20:22:49.852649Z,price_change,0.76,BUY,36,0.77,0.78
2026-01-03T20:22:52.480217Z,price_change,0.78,SELL,-308,0.77,0.78
2026-01-03T20:22:52.662454Z,price_change,0.78,SELL,361,0.77,0.78
2026-01-03T20:25:44.203009Z,price_change,0.78,SELL,381,0.77,0.78
2026-01-03T20:25:44.396763Z,price_change,0.78,SELL,-361,0.77,0.78
2026-01-03T20:26:26.843898Z,price_change,0.97,SELL,-1849,0.77,0.78
2026-01-03T20:26:26.931144Z,price_change,0.91,SELL,15,0.77,0.78
2026-01-03T20:26:27.031324Z,price_change,0.98,SELL,2822,0.77,0.78
2026-01-03T20:27:20.085716Z,price_change,0.78,SELL,371,0.77,0.78
2026-01-03T20:27:20.087035Z,price_change,0.78,SELL,-381,0.77,0.78
2026-01-03T20:27:20.223851Z,price_change,0.78,SELL,-371,0.77,0.78
2026-01-03T20:27:20.407277Z,price_change,0.78,SELL,381,0.77,0.78
2026-01-03T20:28:11.160151Z,price_change,0.72,BUY,-25,0.77,0.78
2026-01-03T20:28:11.162063Z,price_change,0.78,SELL,-381,0.77,0.78
2026-01-03T20:28:13.130638Z,price_change,0.72,BUY,25,0.77,0.78
2026-01-03T20:28:13.132189Z,price_change,0.78,SELL,381,0.77,0.78
2026-01-03T20:28:26.735913Z,price_change,0.72,BUY,-25,0.77,0.78
2026-01-03T20:28:26.73818Z,price_change,0.71,BUY,137,0.77,0.78
2026-01-03T20:29:02.740158Z,price_change,0.78,SELL,-381,0.77,0.78
2026-01-03T20:29:02.740158Z,price_change,0.71,BUY,-137,0.77,0.78
,book,0.7700,BUY,49,0.7700,0.78
,book,0.78,SELL,445,0.7700,0.78
2026-01-03T20:29:18.614875Z,price_change,0.71,BUY,139,0.77,0.78
2026-01-03T20:29:18.615797Z,price_change,0.78,SELL,381,0.77,0.78
,book,0.7700,BUY,49,0.7700,0.78
,book,0.78,SELL,826,0.7700,0.78
2026-01-03T20:30:13.527984Z,price_change,0.71,BUY,-139,0.77,0.78
2026-01-03T20:30:13.527984Z,price_change,0.78,SELL,-381,0.77,0.78
2026-01-03T20:30:31.748514Z,price_change,0.71,BUY,139,0.77,0.78
2026-01-03T20:30:31.749507Z,price_change,0.78,SELL,381,0.77,0.78
2026-01-03T20:30:35.951538Z,price_change,0.71,BUY,-139,0.77,0.78
2026-01-03T20:30:35.951538Z,price_change,0.78,SELL,-381,0.77,0.78
2026-01-03T20:30:46.137677Z,price_change,0.71,BUY,139,0.77,0.78
2026-01-03T20:30:46.138663Z,price_change,0.78,SELL,381,0.77,0.78
,book,0.7700,BUY,45,0.7700,0.78
,book,0.78,SELL,826,0.7700,0.78
2026-01-03T20:41:28.011599Z,price_change,0.71,BUY,-183,0.77,0.78
2026-01-03T20:41:28.018101Z,price_change,0.78,SELL,-381,0.77,0.78
2026-01-03T20:41:29.462976Z,price_change,0.8,SELL,-500,0.77,0.78
2026-01-03T20:41:30.083929Z,price_change,0.81,SELL,100,0.77,0.78
2026-01-03T20:41:30.085586Z,price_change,0.8,SELL,100,0.77,0.78
2026-01-03T20:41:39.660515Z,price_change,0.71,BUY,181,0.77,0.78
2026-01-03T20:41:39.662194Z,price_change,0.78,SELL,381,0.77,0.78
2026-01-03T20:43:17.624997Z,price_change,0.8,SELL,-100,0.77,0.78
2026-01-03T20:43:17.63081Z,price_change,0.81,SELL,400,0.77,0.78
2026-01-03T20:43:20.39141Z,price_change,0.71,BUY,-181,0.77,0.78
2026-01-03T20:43:20.39141Z,price_change,0.78,SELL,-381,0.77,0.78
2026-01-03T20:43:20.522143Z,price_change,0.81,SELL,-400,0.77,0.78
2026-01-03T20:43:39.086656Z,price_change,0.71,BUY,181,0.77,0.78
2026-01-03T20:43:39.088179Z,price_change,0.78,SELL,381,0.77,0.78
,book,0.7700,BUY,45,0.7700,0.78
,book,0.78,SELL,826,0.7700,0.78
2026-01-03T20:44:37.722204Z,price_change,0.74,BUY,30,0.77,0.78
2026-01-03T20:44:37.740762Z,price_change,0.74,BUY,30,0.77,0.78
2026-01-03T20:44:37.741999Z,price_change,0.74,BUY,30,0.77,0.78
2026-01-03T20:44:38.13047Z,price_change,0.71,BUY,-181,0.77,0.78
2026-01-03T20:44:38.131732Z,price_change,0.78,SELL,-381,0.77,0.78
2026-01-03T20:44:45.319924Z,price_change,0.71,BUY,181,0.77,0.78
2026-01-03T20:44:45.320858Z,price_change,0.78,SELL,381,0.77,0.78
,book,0.7700,BUY,45,0.7700,0.78
,book,0.78,SELL,808,0.7700,0.78
2026-01-03T20:48:22.494415Z,price_change,0.71,BUY,-39,0.77,0.78
2026-01-03T20:48:22.496754Z,price_change,0.72,BUY,30,0.77,0.78
2026-01-03T20:50:08.400344Z,price_change,0.72,BUY,-30,0.77,0.78
2026-01-03T20:50:08.40196Z,price_change,0.78,SELL,-363,0.77,0.78
2026-01-03T20:50:09.827336Z,price_change,0.72,BUY,30,0.77,0.78
2026-01-03T20:50:09.828527Z,price_change,0.78,SELL,363,0.77,0.78
2026-01-03T20:51:31.719772Z,price_change,0.72,BUY,-30,0.77,0.78
2026-01-03T20:51:31.719772Z,price_change,0.78,SELL,-363,0.77,0.78
2026-01-03T20:51:38.267443Z,price_change,0.72,BUY,30,0.77,0.78
2026-01-03T20:51:38.269129Z,price_change,0.78,SELL,363,0.77,0.78
,book,0.7700,BUY,7049,0.7700,0.78
,book,0.78,SELL,578,0.7700,0.78
2026-01-03T23:21:38.000628Z,price_change,0.74,BUY,-30,0.77,0.78
2026-01-03T23:21:38.000628Z,price_change,0.74,BUY,-30,0.77,0.78
2026-01-03T23:21:38.000628Z,price_change,0.74,BUY,-30,0.77,0.78
2026-01-03T23:21:47.875874Z,price_change,0.74,BUY,30,0.77,0.78
2026-01-03T23:21:47.887276Z,price_change,0.74,BUY,30,0.77,0.78
2026-01-03T23:21:47.88776Z,price_change,0.74,BUY,30,0.77,0.78
2026-01-03T23:35:51.945008Z,price_change,0.74,BUY,-30,0.77,0.78
2026-01-03T23:35:52.028956Z,price_change,0.74,BUY,-30,0.77,0.78
2026-01-03T23:35:52.111971Z,price_change,0.74,BUY,-30,0.77,0.78
2026-01-03T23:35:52.322303Z,price_change,0.74,BUY,30,0.77,0.78
2026-01-03T23:35:52.341037Z,price_change,0.74,BUY,30,0.77,0.78
2026-01-03T23:35:52.342194Z,price_change,0.74,BUY,30,0.77,0.78
2026-01-03T23:37:06.610607Z,price_change,0.77,BUY,-165,0.77,0.78
2026-01-03T23:43:57.480491Z,price_change,0.63,BUY,-145,0.77,0.78
2026-01-03T23:43:57.702826Z,price_change,0.64,BUY,-56,0.77,0.78
2026-01-03T23:43:57.926752Z,price_change,0.65,BUY,-255,0.77,0.78
2026-01-03T23:43:58.166434Z,price_change,0.66,BUY,-92,0.77,0.78
2026-01-03T23:43:58.404499Z,price_change,0.67,BUY,-3,0.77,0.78
2026-01-03T23:43:58.614435Z,price_change,0.68,BUY,-187,0.77,0.78
2026-01-03T23:43:58.839292Z,price_change,0.69,BUY,-65,0.77,0.78
2026-01-03T23:43:58.926876Z,price_change,0.62,BUY,784,0.77,0.78
2026-01-03T23:46:43.610328Z,price_change,0.74,BUY,-30,0.77,0.78
2026-01-03T23:46:43.696015Z,price_change,0.74,BUY,-30,0.77,0.78
2026-01-03T23:46:43.787163Z,price_change,0.74,BUY,-30,0.77,0.78
2026-01-03T23:46:43.985814Z,price_change,0.74,BUY,30,0.77,0.78
2026-01-03T23:46:44.01362Z,price_change,0.74,BUY,30,0.77,0.78
2026-01-03T23:46:44.013716Z,price_change,0.74,BUY,30,0.77,0.78
2026-01-03T23:57:27.110223Z,price_change,0.74,BUY,-500,0.77,0.78
2026-01-03T23:57:27.110223Z,price_change,0.6,BUY,500,0.77,0.78
2026-01-03T23:57:27.329095Z,price_change,0.6,BUY,-500,0.77,0.78
2026-01-03T23:57:27.329095Z,price_change,0.59,BUY,500,0.77,0.78
2026-01-03T23:57:27.435523Z,price_change,0.78,SELL,-467,0.77,0.78
2026-01-03T23:57:28.549342Z,price_change,0.8,SELL,-2000,0.77,0.78
2026-01-03T23:57:30.477796Z,price_change,0.8,SELL,2000,0.77,0.78
,book,0.7700,BUY,6884,0.7700,0.78
,book,0.78,SELL,111,0.7700,0.78
,book,0.7700,BUY,6884,0.7700,0.78
,book,0.78,SELL,571,0.7700,0.78
,book,0.7600,BUY,8388,0.7600,0.77
,book,0.77,SELL,1007,0.7600,0.77
,book,0.7600,BUY,8388,0.7600,0.77
,book,0.77,SELL,1007,0.7600,0.77
,book,0.7600,BUY,8388,0.7600,0.77
,book,0.77,SELL,1007,0.7600,0.77
,book,0.7600,BUY,8388,0.7600,0.77
,book,0.77,SELL,1007,0.7600,0.77
,book,0.7600,BUY,8388,0.7600,0.77
,book,0.77,SELL,1006,0.7600,0.77
2026-01-04T15:56:26.003589Z,price_change,0.73,BUY,-20,0.76,0.77
2026-01-04T15:56:26.003589Z,price_change,0.73,BUY,-20,0.76,0.77
2026-01-04T15:56:26.003589Z,price_change,0.73,BUY,-20,0.76,0.77
2026-01-04T15:57:28.275472Z,price_change,0.73,BUY,20,0.76,0.77
2026-01-04T15:57:28.295114Z,price_change,0.73,BUY,20,0.76,0.77
2026-01-04T15:57:28.295642Z,price_change,0.73,BUY,20,0.76,0.77
2026-01-04T16:05:07.719293Z,price_change,0.77,SELL,-4,0.76,0.77
2026-01-04T16:12:29.116479Z,price_change,0.73,BUY,-20,0.76,0.77
2026-01-04T16:12:29.202189Z,price_change,0.73,BUY,-20,0.76,0.77
2026-01-04T16:12:29.286212Z,price_change,0.73,BUY,-20,0.76,0.77
2026-01-04T16:12:29.487357Z,price_change,0.73,BUY,20,0.76,0.77
2026-01-04T16:12:29.501446Z,price_change,0.73,BUY,20,0.76,0.77
2026-01-04T16:12:29.510605Z,price_change,0.73,BUY,20,0.76,0.77
2026-01-04T16:27:08.802565Z,price_change,0.73,BUY,-20,0.76,0.77
2026-01-04T16:27:08.888079Z,price_change,0.73,BUY,-20,0.76,0.77
2026-01-04T16:27:08.972836Z,price_change,0.73,BUY,-20,0.76,0.77
2026-01-04T16:27:09.187352Z,price_change,0.73,BUY,20,0.76,0.77
2026-01-04T16:27:09.187866Z,price_change,0.73,BUY,20,0.76,0.77
2026-01-04T16:27:09.192864Z,price_change,0.73,BUY,20,0.76,0.77
,book,0.7600,BUY,8388,0.7600,0.77
,book,0.77,SELL,1002,0.7600,0.77
2026-01-04T16:29:05.45964Z,price_change,0.96,SELL,-754,0.76,0.77
2026-01-04T16:29:05.555131Z,price_change,0.37,BUY,-610,0.76,0.77
2026-01-04T16:29:05.69318Z,price_change,0.37,BUY,605,0.76,0.77
2026-01-04T16:29:05.751288Z,price_change,0.96,SELL,764,0.76,0.77
2026-01-04T16:44:55.690166Z,price_change,0.73,BUY,-20,0.76,0.77
2026-01-04T16:44:55.871905Z,price_change,0.73,BUY,-20,0.76,0.77
2026-01-04T16:44:55.955684Z,price_change,0.73,BUY,-20,0.76,0.77
2026-01-04T16:44:56.155465Z,price_change,0.73,BUY,20,0.76,0.77
2026-01-04T16:44:56.180542Z,price_change,0.73,BUY,20,0.76,0.77
2026-01-04T16:44:56.182333Z,price_change,0.73,BUY,20,0.76,0.77
2026-01-04T17:02:33.763706Z,price_change,0.73,BUY,-20,0.76,0.77
2026-01-04T17:02:33.847337Z,price_change,0.73,BUY,-20,0.76,0.77
2026-01-04T17:02:33.932814Z,price_change,0.73,BUY,-20,0.76,0.77
2026-01-04T17:02:34.161236Z,price_change,0.73,BUY,20,0.76,0.77
2026-01-04T17:02:34.161708Z,price_change,0.73,BUY,20,0.76,0.77
2026-01-04T17:02:34.161777Z,price_change,0.73,BUY,20,0.76,0.77
2026-01-04T17:07:39.555644Z,price_change,0.79,SELL,-1000,0.76,0.77
2026-01-04T17:07:39.556881Z,price_change,0.8,SELL,-1000,0.76,0.77
2026-01-04T17:07:39.747942Z,price_change,0.78,SELL,1000,0.76,0.77
2026-01-04T17:08:09.710685Z,price_change,0.79,SELL,1000,0.76,0.77
2026-01-04T17:08:09.711808Z,price_change,0.8,SELL,1000,0.76,0.77
2026-01-04T17:08:09.77023Z,price_change,0.78,SELL,-1000,0.76,0.77
,book,0.7600,BUY,8388,0.7600,0.77
,book,0.77,SELL,1002,0.7600,0.77
,book,0.7600,BUY,8388,0.7600,0.77
,book,0.77,SELL,996,0.7600,0.77
2026-01-04T17:19:58.494201Z,price_change,0.73,BUY,-20,0.76,0.77
2026-01-04T17:19:58.577942Z,price_change,0.73,BUY,-20,0.76,0.77
2026-01-04T17:19:58.766493Z,price_change,0.73,BUY,-20,0.76,0.77
2026-01-04T17:19:58.983598Z,price_change,0.73,BUY,20,0.76,0.77
2026-01-04T17:19:58.984926Z,price_change,0.73,BUY,20,0.76,0.77
2026-01-04T17:19:58.989467Z,price_change,0.73,BUY,20,0.76,0.77
2026-01-04T17:21:14.254525Z,price_change,0.78,SELL,1000,0.76,0.77
2026-01-04T17:21:14.498353Z,price_change,0.79,SELL,-1000,0.76,0.77
2026-01-04T17:21:14.499273Z,price_change,0.8,SELL,-1000,0.76,0.77
2026-01-04T17:22:09.497999Z,price_change,0.78,SELL,-1000,0.76,0.77
2026-01-04T17:22:09.498916Z,price_change,0.78,SELL,-1000,0.76,0.77
2026-01-04T17:22:09.750317Z,price_change,0.77,SELL,500,0.76,0.77
2026-01-04T17:22:09.751649Z,price_change,0.79,SELL,500,0.76,0.77
2026-01-04T17:22:09.752623Z,price_change,0.8,SELL,500,0.76,0.77
2026-01-04T17:22:09.753519Z,price_change,0.78,SELL,500,0.76,0.77
2026-01-04T17:22:14.382708Z,price_change,0.78,SELL,1500,0.76,0.77
2026-01-04T17:22:14.383497Z,price_change,0.8,SELL,1500,0.76,0.77
2026-01-04T17:22:14.384336Z,price_change,0.79,SELL,1500,0.76,0.77
2026-01-04T17:22:14.399358Z,price_change,0.77,SELL,-500,0.76,0.77
2026-01-04T17:23:04.150019Z,price_change,0.78,SELL,-1500,0.76,0.77
2026-01-04T17:23:04.151281Z,price_change,0.8,SELL,-1500,0.76,0.77
2026-01-04T17:23:04.152354Z,price_change,0.79,SELL,-1500,0.76,0.77
2026-01-04T17:23:04.162429Z,price_change,0.79,SELL,500,0.76,0.77
2026-01-04T17:23:04.164094Z,price_change,0.8,SELL,500,0.76,0.77
2026-01-04T17:23:04.165394Z,price_change,0.78,SELL,500,0.76,0.77
2026-01-04T17:23:04.166747Z,price_change,0.77,SELL,1000,0.76,0.77
2026-01-04T17:23:05.274911Z,price_change,0.8,SELL,1000,0.76,0.77
2026-01-04T17:23:05.27657Z,price_change,0.78,SELL,1000,0.76,0.77
2026-01-04T17:23:05.278339Z,price_change,0.79,SELL,1000,0.76,0.77
2026-01-04T17:23:05.28627Z,price_change,0.77,SELL,-1000,0.76,0.77
,book,0.7600,BUY,8388,0.7600,0.77
,book,0.77,SELL,996,0.7600,0.77
2026-01-04T17:37:27.699428Z,price_change,0.73,BUY,-20,0.76,0.77
2026-01-04T17:37:27.782588Z,price_change,0.73,BUY,-20,0.76,0.77
2026-01-04T17:37:27.870422Z,price_change,0.73,BUY,-20,0.76,0.77
2026-01-04T17:37:28.076565Z,price_change,0.73,BUY,20,0.76,0.77
2026-01-04T17:37:28.098549Z,price_change,0.73,BUY,20,0.76,0.77
2026-01-04T17:37:28.098727Z,price_change,0.73,BUY,20,0.76,0.77
2026-01-04T17:41:18.759637Z,price_change,0.77,SELL,-5,0.76,0.77
2026-01-04T17:41:19.128073Z,price_change,0.77,SELL,-250,0.76,0.77
,book,0.7600,BUY,8204,0.7600,0.77
,book,0.77,SELL,3469,0.7600,0.77
2026-01-06T03:09:07.307408Z,price_change,0.76,BUY,-4818,0.76,0.77
2026-01-06T03:09:07.307408Z,price_change,0.76,BUY,-3,0.76,0.77
2026-01-06T03:09:07.307408Z,price_change,0.76,BUY,-3,0.76,0.77
2026-01-06T03:09:07.307408Z,price_change,0.76,BUY,-3,0.76,0.77
2026-01-06T03:09:07.307408Z,price_change,0.76,BUY,-1,0.76,0.77
2026-01-06T03:09:07.307408Z,price_change,0.76,BUY,-2,0.76,0.77
2026-01-06T03:09:07.307408Z,price_change,0.76,BUY,-14,0.76,0.77
2026-01-06T03:09:07.307408Z,price_change,0.76,BUY,-2,0.76,0.77
2026-01-06T03:09:07.307408Z,price_change,0.76,BUY,-4,0.76,0.77
2026-01-06T03:09:07.307408Z,price_change,0.76,BUY,-3,0.76,0.77
2026-01-06T03:09:07.307408Z,price_change,0.76,BUY,-1,0.76,0.77
2026-01-06T03:09:07.307408Z,price_change,0.76,BUY,-3,0.76,0.77
2026-01-06T03:09:07.307408Z,price_change,0.76,BUY,-1,0.76,0.77
2026-01-06T03:09:07.307408Z,price_change,0.76,BUY,-5,0.76,0.77
2026-01-06T03:09:07.307408Z,price_change,0.76,BUY,-1,0.76,0.77
2026-01-06T03:09:07.307408Z,price_change,0.76,BUY,-2,0.76,0.77
2026-01-06T03:09:07.307408Z,price_change,0.76,BUY,-21,0.76,0.77
2026-01-06T03:09:07.307408Z,price_change,0.76,BUY,-1,0.76,0.77
2026-01-06T03:09:07.307408Z,price_change,0.76,BUY,-29,0.76,0.77
2026-01-06T03:09:07.307408Z,price_change,0.76,BUY,-14,0.76,0.77
2026-01-06T03:09:07.307408Z,price_change,0.76,BUY,-19,0.76,0.77
2026-01-06T03:09:07.307408Z,price_change,0.76,BUY,-200,0.76,0.77
2026-01-06T03:09:07.307408Z,price_change,0.76,BUY,-3000,0.76,0.77
2026-01-06T03:09:07.307408Z,price_change,0.76,BUY,-54,0.75,0.77
2026-01-06T03:09:07.54072Z,price_change,0.77,SELL,-499,0.75,0.77
2026-01-06T03:09:07.54072Z,price_change,0.76,SELL,499,0.75,0.76
2026-01-06T03:09:22.106244Z,price_change,0.77,SELL,-6,0.75,0.76
2026-01-06T03:09:22.179565Z,price_change,0.98,SELL,-1864,0.75,0.76
2026-01-06T03:09:22.307022Z,price_change,0.8,SELL,-49,0.75,0.76
2026-01-06T03:09:22.396564Z,price_change,0.8200000000000001,SELL,-54,0.75,0.76
2026-01-06T03:09:22.508343Z,price_change,0.94,SELL,-186,0.75,0.76
2026-01-06T03:09:22.629907Z,price_change,0.76,SELL,166,0.75,0.76
2026-01-06T03:09:22.750708Z,price_change,0.79,SELL,182,0.75,0.76
2026-01-06T03:09:22.871581Z,price_change,0.81,SELL,206,0.75,0.76
2026-01-06T03:09:22.963903Z,price_change,0.9299999999999999,SELL,590,0.75,0.76
2026-01-06T03:09:23.03703Z,price_change,0.97,SELL,2036,0.75,0.76
2026-01-06T03:09:23.333361Z,price_change,0.75,BUY,-128,0.75,0.76
2026-01-06T03:09:23.428272Z,price_change,0.39,BUY,6,0.75,0.76
2026-01-06T03:09:23.531913Z,price_change,0.73,BUY,128,0.75,0.76
2026-01-06T03:09:30.45975Z,price_change,0.71,BUY,3000,0.75,0.76
2026-01-06T03:09:48.694783Z,price_change,0.69,BUY,3000,0.75,0.76
2026-01-06T03:10:09.944418Z,price_change,0.67,BUY,3000,0.75,0.76
2026-01-06T03:10:35.797781Z,price_change,0.72,BUY,1204,0.75,0.76
2026-01-06T03:11:21.501857Z,price_change,0.73,BUY,-20,0.75,0.76
2026-01-06T03:11:21.588549Z,price_change,0.73,BUY,-20,0.75,0.76
2026-01-06T03:11:21.672172Z,price_change,0.73,BUY,-20,0.75,0.76
2026-01-06T03:11:21.896063Z,price_change,0.72,BUY,20,0.75,0.76
2026-01-06T03:11:21.898266Z,price_change,0.72,BUY,20,0.75,0.76
2026-01-06T03:11:21.9006Z,price_change,0.72,BUY,20,0.75,0.76
2026-01-06T03:16:03.77348Z,price_change,0.94,SELL,-159,0.75,0.76
2026-01-06T03:16:03.915612Z,price_change,0.97,SELL,-2036,0.75,0.76
2026-01-06T03:16:04.030935Z,price_change,0.76,SELL,-4,0.75,0.76
2026-01-06T03:16:04.193029Z,price_change,0.9299999999999999,SELL,-454,0.75,0.76
2026-01-06T03:16:04.310094Z,price_change,0.77,SELL,4,0.75,0.76
2026-01-06T03:16:04.415891Z,price_change,0.92,SELL,482,0.75,0.76
2026-01-06T03:16:04.546266Z,price_change,0.96,SELL,1431,0.75,0.76
2026-01-06T03:16:04.834152Z,price_change,0.39,BUY,-6,0.75,0.76
2026-01-06T03:16:04.996101Z,price_change,0.73,BUY,-28,0.75,0.76
2026-01-06T03:16:05.117333Z,price_change,0.74,BUY,28,0.75,0.76
2026-01-06T03:17:54.882843Z,price_change,0.77,SELL,-4,0.75,0.76
2026-01-06T03:17:54.95061Z,price_change,0.9299999999999999,SELL,-136,0.75,0.76
2026-01-06T03:17:55.097781Z,price_change,0.92,SELL,-361,0.75,0.76
2026-01-06T03:17:55.188631Z,price_change,0.76,SELL,4,0.75,0.76
2026-01-06T03:17:55.300205Z,price_change,0.91,SELL,445,0.75,0.76
2026-01-06T03:17:55.524338Z,price_change,0.74,BUY,-28,0.75,0.76
2026-01-06T03:17:55.616221Z,price_change,0.73,BUY,28,0.75,0.76
2026-01-06T03:21:35.99978Z,price_change,0.92,SELL,-121,0.75,0.76
2026-01-06T03:21:36.122858Z,price_change,0.76,SELL,-4,0.75,0.76
2026-01-06T03:21:36.248342Z,price_change,0.91,SELL,-333,0.75,0.76
2026-01-06T03:21:36.345575Z,price_change,0.77,SELL,4,0.75,0.76
2026-01-06T03:21:36.51351Z,price_change,0.9,SELL,410,0.75,0.76
2026-01-06T03:21:36.829146Z,price_change,0.73,BUY,-28,0.75,0.76
2026-01-06T03:21:36.904385Z,price_change,0.74,BUY,28,0.75,0.76
2026-01-06T03:28:14.637823Z,price_change,0.77,SELL,-4,0.75,0.76
2026-01-06T03:28:14.747129Z,price_change,0.91,SELL,-112,0.75,0.76
2026-01-06T03:28:14.866755Z,price_change,0.9,SELL,-312,0.75,0.76
2026-01-06T03:28:14.949899Z,price_change,0.76,SELL,4,0.75,0.76
2026-01-06T03:28:15.056719Z,price_change,0.89,SELL,356,0.75,0.76
2026-01-06T03:28:15.285371Z,price_change,0.74,BUY,-28,0.75,0.76
2026-01-06T03:28:15.44431Z,price_change,0.73,BUY,28,0.75,0.76
2026-01-06T03:28:49.592152Z,price_change,0.72,BUY,-20,0.75,0.76
2026-01-06T03:28:49.678602Z,price_change,0.72,BUY,-20,0.75,0.76
2026-01-06T03:28:49.765264Z,price_change,0.72,BUY,-20,0.75,0.76
2026-01-06T03:28:49.973619Z,price_change,0.72,BUY,20,0.75,0.76
2026-01-06T03:28:49.993405Z,price_change,0.72,BUY,20,0.75,0.76
2026-01-06T03:28:49.99723Z,price_change,0.72,BUY,20,0.75,0.76
2026-01-06T03:30:06.520606Z,price_change,0.9,SELL,-98,0.75,0.76
2026-01-06T03:30:06.592582Z,price_change,0.76,SELL,-4,0.75,0.76
2026-01-06T03:30:06.725564Z,price_change,0.89,SELL,-275,0.75,0.76
2026-01-06T03:30:06.832445Z,price_change,0.77,SELL,4,0.75,0.76
2026-01-06T03:30:06.967371Z,price_change,0.88,SELL,304,0.75,0.76
2026-01-06T03:30:07.287637Z,price_change,0.73,BUY,-28,0.75,0.76
2026-01-06T03:30:07.431992Z,price_change,0.74,BUY,28,0.75,0.76
2026-01-06T03:32:17.039394Z,price_change,0.75,BUY,-8,0.75,0.76
2026-01-06T03:32:17.039394Z,price_change,0.75,BUY,-2,0.75,0.76
2026-01-06T03:32:17.039394Z,price_change,0.75,BUY,-5,0.75,0.76
2026-01-06T03:32:17.039394Z,price_change,0.75,BUY,-2,0.75,0.76
2026-01-06T03:32:17.039394Z,price_change,0.75,BUY,-1,0.75,0.76
2026-01-06T03:32:17.039394Z,price_change,0.75,BUY,-3,0.75,0.76
2026-01-06T03:32:17.039394Z,price_change,0.75,BUY,-18,0.75,0.76
2026-01-06T03:32:17.039394Z,price_change,0.75,BUY,-9,0.75,0.76
2026-01-06T03:32:17.039394Z,price_change,0.75,BUY,-9,0.75,0.76
2026-01-06T03:32:17.039394Z,price_change,0.75,BUY,-1,0.75,0.76
2026-01-06T03:32:17.039394Z,price_change,0.75,BUY,-12,0.75,0.76
2026-01-06T03:32:17.039394Z,price_change,0.75,BUY,-5,0.75,0.76
2026-01-06T03:32:17.039394Z,price_change,0.75,BUY,-1,0.74,0.76
2026-01-06T03:32:17.039394Z,price_change,0.74,BUY,-2,0.74,0.76
2026-01-06T03:32:17.039394Z,price_change,0.74,BUY,-2,0.74,0.76
2026-01-06T03:32:17.039394Z,price_change,0.74,BUY,-1,0.74,0.76
2026-01-06T03:32:17.039394Z,price_change,0.74,BUY,-2,0.74,0.76
2026-01-06T03:32:17.039394Z,price_change,0.74,BUY,-5,0.74,0.76
2026-01-06T03:32:17.039394Z,price_change,0.74,BUY,-2,0.74,0.76
2026-01-06T03:32:17.039394Z,price_change,0.74,BUY,-4,0.74,0.76
2026-01-06T03:32:17.039394Z,price_change,0.74,BUY,-6,0.74,0.76
2026-01-06T03:32:17.039394Z,price_change,0.74,BUY,-5,0.74,0.76
2026-01-06T03:32:17.039394Z,price_change,0.74,BUY,-10,0.74,0.76
2026-01-06T03:32:17.238684Z,price_change,0.76,SELL,-499,0.74,0.76
2026-01-06T03:32:17.238684Z,price_change,0.75,SELL,499,0.74,0.75
2026-01-06T03:33:42.986751Z,price_change,0.81,SELL,-206,0.74,0.75
2026-01-06T03:33:43.070492Z,price_change,0.89,SELL,-81,0.74,0.75
2026-01-06T03:33:43.187848Z,price_change,0.96,SELL,-1431,0.74,0.75
2026-01-06T03:33:43.283295Z,price_change,0.76,SELL,-134,0.74,0.75
2026-01-06T03:33:43.422077Z,price_change,0.79,SELL,-32,0.74,0.75
2026-01-06T03:33:43.541281Z,price_change,0.8,SELL,-4,0.74,0.75
2026-01-06T03:33:44.129696Z,price_change,0.8200000000000001,SELL,-16,0.74,0.75
2026-01-06T03:33:44.267424Z,price_change,0.88,SELL,-241,0.74,0.75
2026-01-06T03:33:44.377977Z,price_change,0.75,SELL,94,0.74,0.75
2026-01-06T03:33:44.441303Z,price_change,0.77,SELL,106,0.74,0.75
2026-01-06T03:33:44.549525Z,price_change,0.83,SELL,189,0.74,0.75
2026-01-06T03:33:44.688881Z,price_change,0.94,SELL,540,0.74,0.75
2026-01-06T03:33:44.797707Z,price_change,0.95,SELL,186,0.74,0.75
2026-01-06T03:33:45.050172Z,price_change,0.74,BUY,-28,0.74,0.75
2026-01-06T03:33:45.136286Z,price_change,0.73,BUY,28,0.74,0.75
2026-01-06T03:40:25.685382Z,price_change,0.73,BUY,-28,0.74,0.75
2026-01-06T03:40:25.844494Z,price_change,0.74,BUY,28,0.74,0.75
2026-01-06T03:40:36.449284Z,price_change,0.96,SELL,-768,0.74,0.75
2026-01-06T03:40:36.510996Z,price_change,0.37,BUY,-613,0.74,0.75
2026-01-06T03:40:36.689914Z,price_change,0.37,BUY,603,0.74,0.75
2026-01-06T03:40:36.742635Z,price_change,0.96,SELL,766,0.74,0.75
2026-01-06T03:42:18.25366Z,price_change,0.74,BUY,-28,0.74,0.75
2026-01-06T03:42:18.376866Z,price_change,0.73,BUY,28,0.74,0.75
2026-01-06T03:45:58.392724Z,price_change,0.73,BUY,-28,0.74,0.75
2026-01-06T03:45:58.508128Z,price_change,0.74,BUY,28,0.74,0.75
2026-01-06T03:48:49.000378Z,price_change,0.72,BUY,-20,0.74,0.75
2026-01-06T03:48:49.000378Z,price_change,0.72,BUY,-20,0.74,0.75
2026-01-06T03:48:49.000378Z,price_change,0.72,BUY,-20,0.74,0.75
2026-01-06T03:49:42.630836Z,price_change,0.61,BUY,-47,0.74,0.75
2026-01-06T03:49:42.631983Z,price_change,0.61,BUY,-24,0.74,0.75
2026-01-06T03:49:42.74747Z,price_change,0.61,BUY,-87,0.74,0.75
2026-01-06T03:49:42.948704Z,price_change,0.62,BUY,-39,0.74,0.75
2026-01-06T03:49:42.95039Z,price_change,0.62,BUY,-20,0.74,0.75
2026-01-06T03:49:42.951972Z,price_change,0.62,BUY,-91,0.74,0.75
2026-01-06T03:49:42.953365Z,price_change,0.62,BUY,-81,0.74,0.75
2026-01-06T03:49:43.065657Z,price_change,0.62,BUY,-37,0.74,0.75
2026-01-06T03:49:43.298607Z,price_change,0.63,BUY,-36,0.74,0.75
2026-01-06T03:49:43.300233Z,price_change,0.63,BUY,-18,0.74,0.75
2026-01-06T03:49:43.301731Z,price_change,0.63,BUY,-84,0.74,0.75
2026-01-06T03:49:43.303306Z,price_change,0.63,BUY,-13,0.74,0.75
2026-01-06T03:49:43.304784Z,price_change,0.63,BUY,-63,0.74,0.75
2026-01-06T03:49:43.414408Z,price_change,0.63,BUY,-92,0.74,0.75
2026-01-06T03:49:43.640243Z,price_change,0.64,BUY,-21,0.74,0.75
2026-01-06T03:49:43.641898Z,price_change,0.64,BUY,-11,0.74,0.75
2026-01-06T03:49:43.765348Z,price_change,0.64,BUY,-44,0.74,0.75
2026-01-06T03:49:43.963778Z,price_change,0.65,BUY,-15,0.74,0.75
2026-01-06T03:49:43.964716Z,price_change,0.65,BUY,-8,0.74,0.75
2026-01-06T03:49:43.965496Z,price_change,0.65,BUY,-37,0.74,0.75
2026-01-06T03:49:43.966213Z,price_change,0.65,BUY,-34,0.74,0.75
2026-01-06T03:49:44.06332Z,price_change,0.65,BUY,-75,0.74,0.75
2026-01-06T03:49:44.265761Z,price_change,0.66,BUY,-15,0.74,0.75
2026-01-06T03:49:44.26684Z,price_change,0.66,BUY,-8,0.74,0.75
2026-01-06T03:49:44.273306Z,price_change,0.66,BUY,-37,0.74,0.75
2026-01-06T03:49:44.274541Z,price_change,0.66,BUY,-19,0.74,0.75
2026-01-06T03:49:44.275541Z,price_change,0.66,BUY,-15,0.74,0.75
2026-01-06T03:49:44.39831Z,price_change,0.66,BUY,-135,0.74,0.75
2026-01-06T03:49:44.599751Z,price_change,0.67,BUY,-14,0.74,0.75
2026-01-06T03:49:44.600719Z,price_change,0.67,BUY,-10,0.74,0.75
2026-01-06T03:49:44.601649Z,price_change,0.67,BUY,-46,0.74,0.75
2026-01-06T03:49:44.806698Z,price_change,0.68,BUY,-2,0.74,0.75
2026-01-06T03:49:44.808303Z,price_change,0.68,BUY,-10,0.74,0.75
2026-01-06T03:49:44.899268Z,price_change,0.99,SELL,9000,0.74,0.75
2026-01-06T03:49:44.900816Z,price_change,0.59,BUY,744,0.74,0.75
2026-01-06T03:49:44.902272Z,price_change,0.6,BUY,615,0.74,0.75
2026-01-06T03:52:41.003029Z,price_change,0.74,BUY,-28,0.74,0.75
2026-01-06T03:52:41.137506Z,price_change,0.73,BUY,28,0.74,0.75
2026-01-06T03:54:33.681062Z,price_change,0.73,BUY,-28,0.74,0.75
2026-01-06T03:54:33.748852Z,price_change,0.74,BUY,28,0.74,0.75
2026-01-06T03:55:54.076643Z,price_change,0.77,SELL,-1964,0.74,0.75
2026-01-06T03:55:54.093511Z,price_change,0.75,SELL,1964,0.74,0.75
2026-01-06T03:55:54.142313Z,price_change,0.77,SELL,-1000,0.74,0.75
2026-01-06T03:55:54.163526Z,price_change,0.75,SELL,1000,0.74,0.75
2026-01-06T03:56:35.257272Z,price_change,0.75,SELL,-13,0.74,0.75
2026-01-06T03:57:41.440585Z,price_change,0.71,BUY,20,0.74,0.75
2026-01-06T03:57:41.464451Z,price_change,0.71,BUY,20,0.74,0.75
2026-01-06T03:57:41.467175Z,price_change,0.71,BUY,20,0.74,0.75
2026-01-06T03:58:14.787183Z,price_change,0.76,SELL,-28,0.74,0.75
2026-01-06T03:58:14.895034Z,price_change,0.79,SELL,-150,0.74,0.75
2026-01-06T03:58:15.011739Z,price_change,0.8,SELL,-40,0.74,0.75
2026-01-06T03:58:15.09214Z,price_change,0.83,SELL,-189,0.74,0.75
2026-01-06T03:58:15.192637Z,price_change,0.88,SELL,-63,0.74,0.75
2026-01-06T03:58:15.280861Z,price_change,0.95,SELL,-186,0.74,0.75
2026-01-06T03:58:15.383104Z,price_change,0.75,SELL,28,0.74,0.75
2026-01-06T03:58:15.47691Z,price_change,0.77,SELL,27,0.74,0.75
2026-01-06T03:58:15.544057Z,price_change,0.78,SELL,164,0.74,0.75
2026-01-06T03:58:15.657448Z,price_change,0.8200000000000001,SELL,154,0.74,0.75
2026-01-06T03:58:15.758026Z,price_change,0.94,SELL,72,0.74,0.75
2026-01-06T03:58:16.096695Z,price_change,0.74,BUY,-28,0.74,0.75
2026-01-06T03:58:16.190669Z,price_change,0.73,BUY,28,0.74,0.75
2026-01-06T04:04:58.472879Z,price_change,0.77,SELL,-27,0.74,0.75
2026-01-06T04:04:58.584864Z,price_change,0.77,SELL,-106,0.74,0.75
2026-01-06T04:04:58.681586Z,price_change,0.77,SELL,-4,0.74,0.75
2026-01-06T04:04:58.821784Z,price_change,0.8200000000000001,SELL,-154,0.74,0.75
2026-01-06T04:04:58.90528Z,price_change,0.8200000000000001,SELL,-50,0.74,0.75
2026-01-06T04:04:59.000534Z,price_change,0.94,SELL,-72,0.74,0.75
2026-01-06T04:04:59.103301Z,price_change,0.94,SELL,-540,0.74,0.75
2026-01-06T04:04:59.195836Z,price_change,0.78,SELL,-15,0.74,0.75
2026-01-06T04:04:59.271292Z,price_change,0.8,SELL,202,0.74,0.75
2026-01-06T04:04:59.357595Z,price_change,0.84,SELL,247,0.74,0.75
2026-01-06T04:04:59.445746Z,price_change,0.97,SELL,1727,0.74,0.75
2026-01-06T04:06:51.940539Z,price_change,0.78,SELL,-149,0.74,0.75
2026-01-06T04:06:52.025925Z,price_change,0.84,SELL,-247,0.74,0.75
2026-01-06T04:06:52.122433Z,price_change,0.97,SELL,-1727,0.74,0.75
2026-01-06T04:06:52.214814Z,price_change,0.8,SELL,-15,0.74,0.75
2026-01-06T04:06:52.301777Z,price_change,0.8200000000000001,SELL,216,0.74,0.75
2026-01-06T04:06:52.401277Z,price_change,0.94,SELL,694,0.74,0.75
2026-01-06T04:06:52.516774Z,price_change,0.98,SELL,2656,0.74,0.75
,book,0.7400,BUY,2,0.7400,0.75
,book,0.75,SELL,3572,0.7400,0.75
2026-01-06T04:09:23.689823Z,price_change,0.75,SELL,-486,0.74,0.75
2026-01-06T04:09:23.689823Z,price_change,0.75,SELL,-94,0.74,0.75
2026-01-06T04:09:23.689823Z,price_change,0.75,SELL,-1964,0.74,0.75
2026-01-06T04:09:23.689823Z,price_change,0.75,SELL,-1000,0.74,0.75
2026-01-06T04:09:23.689823Z,price_change,0.75,SELL,-28,0.74,0.78
1767672563,last_trade_price,0.75,BUY,486,0.74,0.78
1767672563,last_trade_price,0.75,BUY,94,0.74,0.78
1767672563,last_trade_price,0.75,BUY,1964,0.74,0.78
1767672563,last_trade_price,0.75,BUY,1000,0.74,0.78
1767672563,last_trade_price,0.75,BUY,28,0.74,0.78
2026-01-06T04:09:24.219876Z,price_change,0.77,SELL,500,0.74,0.77
2026-01-06T04:09:24.844247Z,price_change,0.77,SELL,-500,0.74,0.78
2026-01-06T04:09:24.844247Z,price_change,0.76,SELL,500,0.74,0.76
2026-01-06T04:09:25.042237Z,price_change,0.76,SELL,-500,0.74,0.78
2026-01-06T04:09:25.042237Z,price_change,0.75,SELL,500,0.74,0.75
2026-01-06T04:09:34.535793Z,price_change,0.74,BUY,40000,0.74,0.75
2026-01-06T04:10:26.286403Z,price_change,0.71,BUY,-20,0.74,0.75
2026-01-06T04:10:26.372341Z,price_change,0.71,BUY,-20,0.74,0.75
2026-01-06T04:10:26.455744Z,price_change,0.71,BUY,-20,0.74,0.75
2026-01-06T04:10:26.677134Z,price_change,0.71,BUY,20,0.74,0.75
2026-01-06T04:10:26.679779Z,price_change,0.71,BUY,20,0.74,0.75
2026-01-06T04:10:26.682986Z,price_change,0.71,BUY,20,0.74,0.75
2026-01-06T04:10:34.483879Z,price_change,0.8,SELL,-113,0.74,0.75
2026-01-06T04:10:34.560394Z,price_change,0.8200000000000001,SELL,-125,0.74,0.75
2026-01-06T04:10:34.702066Z,price_change,0.94,SELL,-329,0.74,0.75
2026-01-06T04:10:34.84095Z,price_change,0.98,SELL,-792,0.74,0.75
2026-01-06T04:10:34.951121Z,price_change,0.81,SELL,21,0.74,0.75
2026-01-06T04:10:35.060606Z,price_change,0.83,SELL,29,0.74,0.75
2026-01-06T04:10:35.350851Z,price_change,0.73,BUY,-28,0.74,0.75
2026-01-06T04:10:35.44532Z,price_change,0.74,BUY,150,0.74,0.75
2026-01-06T04:17:44.722568Z,price_change,0.85,SELL,-2,0.74,0.75
2026-01-06T04:17:45.102516Z,price_change,0.73,BUY,3,0.74,0.75
2026-01-06T04:17:45.312341Z,price_change,0.75,SELL,4,0.74,0.75
2026-01-06T04:17:45.700752Z,price_change,0.73,BUY,9,0.74,0.75
2026-01-06T04:17:45.953773Z,price_change,0.75,SELL,24,0.74,0.75
2026-01-06T04:17:46.386516Z,price_change,0.77,SELL,3,0.74,0.75
2026-01-06T04:17:50.264293Z,price_change,0.85,SELL,-2,0.74,0.75
2026-01-06T04:17:53.152649Z,price_change,0.85,SELL,-1,0.74,0.75
2026-01-06T04:17:53.794028Z,price_change,0.71,BUY,1,0.74,0.75
2026-01-06T04:17:57.171702Z,price_change,0.85,SELL,-1,0.74,0.75
2026-01-06T04:18:01.092255Z,price_change,0.84,SELL,-2,0.74,0.75
2026-01-06T04:18:01.508359Z,price_change,0.74,BUY,4,0.74,0.75
2026-01-06T04:18:01.615149Z,price_change,0.76,SELL,14,0.74,0.75
2026-01-06T04:18:04.616774Z,price_change,0.84,SELL,-1,0.74,0.75
2026-01-06T04:18:04.998173Z,price_change,0.84,SELL,-1,0.74,0.75
2026-01-06T04:18:05.368516Z,price_change,0.72,BUY,8,0.74,0.75
2026-01-06T04:18:05.506569Z,price_change,0.77,SELL,21,0.74,0.75
2026-01-06T04:18:06.195638Z,price_change,0.74,BUY,2,0.74,0.75
2026-01-06T04:18:06.337969Z,price_change,0.76,SELL,3,0.74,0.75
2026-01-06T04:18:06.721405Z,price_change,0.73,BUY,3,0.74,0.75
2026-01-06T04:18:06.939285Z,price_change,0.76,SELL,11,0.74,0.75
2026-01-06T04:18:09.9074Z,price_change,0.84,SELL,-1,0.74,0.75
2026-01-06T04:18:10.323134Z,price_change,0.72,BUY,3,0.74,0.75
2026-01-06T04:18:10.471158Z,price_change,0.77,SELL,4,0.74,0.75
2026-01-06T04:18:14.071666Z,price_change,0.84,SELL,-1,0.74,0.75
2026-01-06T04:18:14.767195Z,price_change,0.72,BUY,5,0.74,0.75
2026-01-06T04:18:14.900546Z,price_change,0.77,SELL,12,0.74,0.75
2026-01-06T04:18:15.293171Z,price_change,0.78,SELL,2,0.74,0.75
2026-01-06T04:18:19.45838Z,price_change,0.83,SELL,-1,0.74,0.75
2026-01-06T04:18:19.890478Z,price_change,0.78,SELL,7,0.74,0.75
2026-01-06T04:18:20.309674Z,price_change,0.72,BUY,3,0.74,0.75
2026-01-06T04:18:20.437991Z,price_change,0.76,SELL,7,0.74,0.75
2026-01-06T04:18:20.860487Z,price_change,0.72,BUY,3,0.74,0.75
2026-01-06T04:18:20.992914Z,price_change,0.78,SELL,18,0.74,0.75
2026-01-06T04:18:21.408241Z,price_change,0.77,SELL,19,0.74,0.75
2026-01-06T04:18:22.088946Z,price_change,0.78,SELL,16,0.74,0.75
2026-01-06T04:18:22.477089Z,price_change,0.77,SELL,32,0.74,0.75
2026-01-06T04:18:22.885451Z,price_change,0.73,BUY,12,0.74,0.75
2026-01-06T04:18:23.026242Z,price_change,0.76,SELL,39,0.74,0.75
2026-01-06T04:18:23.431394Z,price_change,0.73,BUY,5,0.74,0.75
2026-01-06T04:18:23.571178Z,price_change,0.76,SELL,17,0.74,0.75
2026-01-06T04:19:08.017694Z,price_change,0.8200000000000001,SELL,-91,0.74,0.75
2026-01-06T04:19:08.114472Z,price_change,0.83,SELL,-29,0.74,0.75
2026-01-06T04:19:08.202136Z,price_change,0.94,SELL,-365,0.74,0.75
2026-01-06T04:19:08.375495Z,price_change,0.98,SELL,-1864,0.74,0.75
2026-01-06T04:19:08.471437Z,price_change,0.78,SELL,70,0.74,0.75
2026-01-06T04:19:08.572185Z,price_change,0.79,SELL,19,0.74,0.75
2026-01-06T04:19:08.688456Z,price_change,0.8,SELL,4,0.74,0.75
2026-01-06T04:19:08.797289Z,price_change,0.81,SELL,5,0.74,0.75
2026-01-06T04:19:08.90672Z,price_change,0.84,SELL,92,0.74,0.75
2026-01-06T04:19:09.02905Z,price_change,0.9299999999999999,SELL,74,0.74,0.75
2026-01-06T04:19:09.119509Z,price_change,0.96,SELL,664,0.74,0.75
2026-01-06T04:22:49.886539Z,price_change,0.9299999999999999,SELL,-74,0.74,0.75
2026-01-06T04:22:49.95313Z,price_change,0.84,SELL,23,0.74,0.75
,book,0.7400,BUY,40158,0.7400,0.75
,book,0.75,SELL,528,0.7400,0.75
2026-01-06T04:27:58.79223Z,price_change,0.71,BUY,-20,0.74,0.75
2026-01-06T04:27:58.87819Z,price_change,0.71,BUY,-20,0.74,0.75
2026-01-06T04:27:58.984658Z,price_change,0.71,BUY,-20,0.74,0.75
2026-01-06T04:27:59.197845Z,price_change,0.71,BUY,20,0.74,0.75
2026-01-06T04:27:59.214386Z,price_change,0.71,BUY,20,0.74,0.75
2026-01-06T04:27:59.216989Z,price_change,0.71,BUY,20,0.74,0.75
2026-01-06T04:29:31.190401Z,price_change,0.96,SELL,-664,0.74,0.75
2026-01-06T04:29:31.298081Z,price_change,0.97,SELL,1035,0.74,0.75
,book,0.7400,BUY,40158,0.7400,0.75
,book,0.75,SELL,528,0.7400,0.75
,book,0.7400,BUY,40158,0.7400,0.75
,book,0.75,SELL,528,0.7400,0.75
,book,0.7400,BUY,53,0.7400,0.75
,book,0.75,SELL,402,0.7400,0.75
2026-01-07T03:48:43.086172Z,price_change,0.71,BUY,-20,0.74,0.75
2026-01-07T03:48:43.170355Z,price_change,0.71,BUY,-20,0.74,0.75
2026-01-07T03:48:43.255259Z,price_change,0.71,BUY,-20,0.74,0.75
2026-01-07T03:48:43.457872Z,price_change,0.71,BUY,20,0.74,0.75
2026-01-07T03:48:43.480074Z,price_change,0.71,BUY,20,0.74,0.75
2026-01-07T03:48:43.480122Z,price_change,0.71,BUY,20,0.74,0.75
2026-01-07T03:49:02.060062Z,price_change,0.69,BUY,69,0.74,0.75
2026-01-07T03:49:02.062658Z,price_change,0.69,BUY,-133,0.74,0.75
2026-01-07T03:49:02.204162Z,price_change,0.69,BUY,133,0.74,0.75
2026-01-07T03:49:02.207732Z,price_change,0.69,BUY,-69,0.74,0.75
2026-01-07T03:49:02.335624Z,price_change,0.75,SELL,20,0.74,0.75
2026-01-07T03:49:03.358253Z,price_change,0.75,SELL,-20,0.74,0.75
2026-01-07T03:50:32.700383Z,price_change,0.76,SELL,-1,0.74,0.75
2026-01-07T03:50:32.827912Z,price_change,0.97,SELL,-5,0.74,0.75
2026-01-07T03:50:32.966824Z,price_change,0.75,SELL,1,0.74,0.75
2026-01-07T03:50:33.256715Z,price_change,0.74,BUY,-33,0.74,0.75
2026-01-07T03:50:33.398437Z,price_change,0.73,BUY,33,0.74,0.75
2026-01-07T03:50:33.722343Z,price_change,0.75,SELL,20,0.74,0.75
2026-01-07T03:50:34.759966Z,price_change,0.75,SELL,-20,0.74,0.75
2026-01-07T03:52:09.558356Z,price_change,0.69,BUY,69,0.74,0.75
2026-01-07T03:52:09.55952Z,price_change,0.69,BUY,-133,0.74,0.75
2026-01-07T03:52:09.810881Z,price_change,0.75,SELL,20,0.74,0.75
2026-01-07T03:52:09.996915Z,price_change,0.78,SELL,-2000,0.74,0.75
2026-01-07T03:52:10.043258Z,price_change,0.69,BUY,-69,0.74,0.75
2026-01-07T03:52:10.223231Z,price_change,0.69,BUY,133,0.74,0.75
2026-01-07T03:52:11.406532Z,price_change,0.75,SELL,-20,0.74,0.75
,book,0.7300,BUY,20273,0.7300,0.74
,book,0.74,SELL,1492,0.7300,0.74
2026-01-08T00:42:19.956521Z,price_change,0.73,BUY,-35,0.73,0.7400
1767832939,last_trade_price,0.27,SELL,35,0.73,0.7400
,book,0.7300,BUY,20238,0.7300,0.74
,book,0.74,SELL,1492,0.7300,0.74
2026-01-08T00:46:39.889757Z,price_change,0.7,BUY,-1900,0.73,0.7400
2026-01-08T00:46:39.893599Z,price_change,0.7,BUY,-100,0.73,0.7400
,book,0.7300,BUY,20238,0.7300,0.74
,book,0.74,SELL,1492,0.7300,0.74
2026-01-08T00:52:46.995837Z,price_change,0.7,BUY,-20,0.73,0.7400
2026-01-08T00:52:47.079283Z,price_change,0.7,BUY,-20,0.73,0.7400
2026-01-08T00:52:47.162287Z,price_change,0.7,BUY,-20,0.73,0.7400
2026-01-08T00:52:47.368424Z,price_change,0.7,BUY,20,0.73,0.7400
2026-01-08T00:52:47.394706Z,price_change,0.7,BUY,20,0.73,0.7400
2026-01-08T00:52:47.413121Z,price_change,0.7,BUY,20,0.73,0.7400
2026-01-08T01:00:17.41645Z,price_change,0.73,BUY,-141,0.73,0.7400
2026-01-08T01:00:17.41645Z,price_change,0.73,BUY,-2,0.73,0.7400
2026-01-08T01:00:17.41645Z,price_change,0.73,BUY,-38,0.73,0.7400
2026-01-08T01:00:17.41645Z,price_change,0.73,BUY,-19,0.73,0.7400
1767834017,last_trade_price,0.27,SELL,141,0.73,0.7400
1767834017,last_trade_price,0.27,SELL,2,0.73,0.7400
1767834017,last_trade_price,0.27,SELL,38,0.73,0.7400
1767834017,last_trade_price,0.27,SELL,19,0.73,0.7400
