timestamp,event_type,price,side,size,best_bid,best_ask
,book,0.4300,BUY,18074,0.4300,0.44
,book,0.44,SELL,481532,0.4300,0.44
2026-01-03T20:41:20.133567Z,price_change,0.4,BUY,-18483,0.43,0.44
2026-01-03T20:41:20.134941Z,price_change,0.4,BUY,-56849,0.43,0.44
2026-01-03T20:41:20.136Z,price_change,0.4,BUY,-14096,0.43,0.44
2026-01-03T20:41:20.13698Z,price_change,0.42,BUY,22327,0.43,0.44
2026-01-03T20:41:20.138134Z,price_change,0.43999999999999995,SELL,-18064,0.43,0.43999999999999995
2026-01-03T20:41:20.139023Z,price_change,0.43999999999999995,SELL,-2005,0.43,0.44
2026-01-03T20:41:20.139856Z,price_change,0.43999999999999995,SELL,-17102,0.43,0.43999999999999995
2026-01-03T20:41:20.140711Z,price_change,0.45999999999999996,SELL,41840,0.43,0.43999999999999995
2026-01-03T20:41:20.141985Z,price_change,0.44999999999999996,SELL,1181,0.43,0.43999999999999995
2026-01-03T20:41:20.204995Z,price_change,0.41,BUY,-23,0.43,0.43999999999999995
2026-01-03T20:41:20.204995Z,price_change,0.42,BUY,23,0.43,0.43999999999999995
2026-01-03T20:41:20.237604Z,price_change,0.43999999999999995,SELL,-18360,0.43,0.44
2026-01-03T20:41:20.238358Z,price_change,0.43999999999999995,SELL,-49,0.43,0.43999999999999995
2026-01-03T20:41:20.239569Z,price_change,0.43999999999999995,SELL,-29,0.43,0.44
2026-01-03T20:41:20.240659Z,price_change,0.43999999999999995,SELL,-103,0.43,0.43999999999999995
2026-01-03T20:41:20.241657Z,price_change,0.43999999999999995,SELL,-294,0.43,0.44
2026-01-03T20:41:20.242551Z,price_change,0.43999999999999995,SELL,-490,0.43,0.43999999999999995
2026-01-03T20:41:20.243534Z,price_change,0.43999999999999995,SELL,-495,0.43,0.44
2026-01-03T20:41:20.24466Z,price_change,0.43999999999999995,SELL,-49,0.43,0.43999999999999995
2026-01-03T20:41:20.245789Z,price_change,0.43999999999999995,SELL,-201,0.43,0.44
2026-01-03T20:41:20.246568Z,price_change,0.43999999999999995,SELL,-1058,0.43,0.43999999999999995
2026-01-03T20:41:20.247699Z,price_change,0.43999999999999995,SELL,-452,0.43,0.44
2026-01-03T20:41:20.250504Z,price_change,0.43999999999999995,SELL,-21277,0.43,0.43999999999999995
2026-01-03T20:41:20.251886Z,price_change,0.44999999999999996,SELL,-389,0.43,0.43999999999999995
2026-01-03T20:41:20.306178Z,price_change,0.45999999999999996,SELL,48240,0.43,0.43999999999999995
2026-01-03T20:41:20.352474Z,price_change,0.44999999999999996,SELL,-500,0.43,0.43999999999999995
2026-01-03T20:41:20.352474Z,price_change,0.45999999999999996,SELL,500,0.43,0.43999999999999995
2026-01-03T20:41:20.372806Z,price_change,0.49,SELL,5,0.43,0.43999999999999995
2026-01-03T20:41:20.377719Z,price_change,0.43999999999999995,SELL,-5,0.43,0.44
2026-01-03T20:41:20.384669Z,price_change,0.42,BUY,5,0.43,0.44
2026-01-03T20:41:20.391222Z,price_change,0.43999999999999995,SELL,-5000,0.43,0.43999999999999995
2026-01-03T20:41:20.39823Z,price_change,0.41,BUY,-5000,0.43,0.43999999999999995
2026-01-03T20:41:20.39823Z,price_change,0.42,BUY,5000,0.43,0.43999999999999995
2026-01-03T20:41:20.429448Z,price_change,0.47,SELL,8000,0.43,0.43999999999999995
2026-01-03T20:41:20.478825Z,price_change,0.49,SELL,-5,0.43,0.43999999999999995
2026-01-03T20:41:20.4824Z,price_change,0.48,SELL,5,0.43,0.43999999999999995
2026-01-03T20:41:20.515675Z,price_change,0.41,BUY,-100,0.43,0.43999999999999995
2026-01-03T20:41:20.612565Z,price_change,0.47,SELL,5,0.43,0.43999999999999995
2026-01-03T20:41:20.616057Z,price_change,0.48,SELL,-5,0.43,0.43999999999999995
2026-01-03T20:41:20.665926Z,price_change,0.44999999999999996,SELL,-75,0.43,0.43999999999999995
2026-01-03T20:41:20.76119Z,price_change,0.44999999999999996,SELL,5000,0.43,0.43999999999999995
2026-01-03T20:41:20.763834Z,price_change,0.43999999999999995,SELL,-40,0.43,0.44
2026-01-03T20:41:21.014867Z,price_change,0.45999999999999996,SELL,-1474,0.43,0.44
2026-01-03T20:41:21.04455Z,price_change,0.45999999999999996,SELL,-100,0.43,0.44
2026-01-03T20:41:21.753791Z,price_change,0.45999999999999996,SELL,1901,0.43,0.44
2026-01-03T20:41:28.230296Z,price_change,0.43,BUY,9,0.43,0.44
2026-01-03T20:41:28.949138Z,price_change,0.44999999999999996,SELL,-980,0.43,0.44
2026-01-03T20:41:30.682589Z,price_change,0.44999999999999996,SELL,75,0.43,0.44
2026-01-03T20:41:30.890814Z,price_change,0.42,BUY,75,0.43,0.44
2026-01-03T20:41:31.732998Z,price_change,0.43999999999999995,SELL,-23,0.43,0.43999999999999995
2026-01-03T20:41:32.445632Z,price_change,0.44999999999999996,SELL,-435,0.43,0.43999999999999995
2026-01-03T20:41:32.60681Z,price_change,0.44999999999999996,SELL,-1181,0.43,0.43999999999999995
2026-01-03T20:41:32.608706Z,price_change,0.44999999999999996,SELL,-2873,0.43,0.43999999999999995
2026-01-03T20:41:32.63526Z,price_change,0.44999999999999996,SELL,-1701,0.43,0.43999999999999995
2026-01-03T20:41:33.570885Z,price_change,0.43,BUY,-84,0.43,0.43999999999999995
2026-01-03T20:41:40.299393Z,price_change,0.43999999999999995,SELL,-10,0.43,0.44
2026-01-03T20:41:40.838537Z,price_change,0.41,BUY,100,0.43,0.44
2026-01-03T20:41:41.003291Z,price_change,0.45999999999999996,SELL,100,0.43,0.44
2026-01-03T20:41:43.884289Z,price_change,0.43999999999999995,SELL,-652,0.43,0.43999999999999995
2026-01-03T20:41:46.587359Z,price_change,0.43,BUY,-119,0.43,0.43999999999999995
2026-01-03T20:41:47.69214Z,price_change,0.44999999999999996,SELL,-112,0.43,0.43999999999999995
2026-01-03T20:41:47.861966Z,price_change,0.44999999999999996,SELL,-44,0.43,0.43999999999999995
2026-01-03T20:41:47.971296Z,price_change,0.44999999999999996,SELL,-912,0.43,0.43999999999999995
2026-01-03T20:41:48.714187Z,price_change,0.44999999999999996,SELL,-223,0.43,0.43999999999999995
2026-01-03T20:42:07.022664Z,price_change,0.43999999999999995,SELL,-60,0.43,0.44
2026-01-03T20:42:10.174259Z,price_change,0.43999999999999995,SELL,-21,0.43,0.43999999999999995
2026-01-03T20:42:18.743891Z,price_change,0.44999999999999996,SELL,-27,0.43,0.43999999999999995
2026-01-03T20:42:23.332008Z,price_change,0.44999999999999996,SELL,221,0.43,0.43999999999999995
2026-01-03T20:42:25.305468Z,price_change,0.44999999999999996,SELL,54,0.43,0.43999999999999995
2026-01-03T20:42:28.294551Z,price_change,0.44999999999999996,SELL,294,0.43,0.43999999999999995
2026-01-03T20:42:29.261155Z,price_change,0.44999999999999996,SELL,196,0.43,0.43999999999999995
2026-01-03T20:42:30.752335Z,price_change,0.44999999999999996,SELL,49,0.43,0.43999999999999995
2026-01-03T20:42:30.845076Z,price_change,0.44999999999999996,SELL,294,0.43,0.43999999999999995
2026-01-03T20:42:31.258427Z,price_change,0.44999999999999996,SELL,196,0.43,0.43999999999999995
2026-01-03T20:42:32.219913Z,price_change,0.44999999999999996,SELL,539,0.43,0.43999999999999995
2026-01-03T20:42:34.212321Z,price_change,0.43999999999999995,SELL,-2,0.43,0.44
2026-01-03T20:42:36.354547Z,price_change,0.45999999999999996,SELL,-173,0.43,0.44
2026-01-03T20:42:36.747282Z,price_change,0.45999999999999996,SELL,193,0.43,0.44
2026-01-03T20:42:45.594335Z,price_change,0.43,BUY,11,0.43,0.44
2026-01-03T20:42:46.734907Z,price_change,0.43999999999999995,SELL,-10,0.43,0.43999999999999995
2026-01-03T20:42:46.88872Z,price_change,0.43999999999999995,SELL,10,0.43,0.44
2026-01-03T20:42:48.097628Z,price_change,0.43,BUY,19,0.43,0.44
2026-01-03T20:42:54.162931Z,price_change,0.43,BUY,-11,0.43,0.44
2026-01-03T20:43:06.314102Z,price_change,0.43999999999999995,SELL,-109,0.43,0.43999999999999995
2026-01-03T20:43:15.58667Z,price_change,0.43999999999999995,SELL,-5,0.43,0.44
2026-01-03T20:43:15.907717Z,price_change,0.43999999999999995,SELL,-21,0.43,0.43999999999999995
2026-01-03T20:43:18.000992Z,price_change,0.39,BUY,-500,0.43,0.43999999999999995
2026-01-03T20:43:19.400709Z,price_change,0.45999999999999996,SELL,-1728,0.43,0.43999999999999995
2026-01-03T20:43:19.402545Z,price_change,0.45999999999999996,SELL,-193,0.43,0.43999999999999995
2026-01-03T20:43:19.528018Z,price_change,0.45999999999999996,SELL,-39,0.43,0.43999999999999995
2026-01-03T20:43:26.410991Z,price_change,0.43999999999999995,SELL,-108,0.43,0.44
2026-01-03T20:43:27.874371Z,price_change,0.43,BUY,-64,0.43,0.44
2026-01-03T20:43:27.975684Z,price_change,0.43,BUY,-823,0.43,0.44
2026-01-03T20:43:28.080052Z,price_change,0.43,BUY,294,0.43,0.44
2026-01-03T20:43:28.226958Z,price_change,0.43,BUY,-4,0.43,0.44
2026-01-03T20:43:53.671876Z,price_change,0.41,BUY,-4728,0.43,0.44
2026-01-03T20:43:53.673088Z,price_change,0.42,BUY,8043,0.43,0.44
2026-01-03T20:44:07.01336Z,price_change,0.43999999999999995,SELL,-54,0.43,0.43999999999999995
2026-01-03T20:44:09.66301Z,price_change,0.43999999999999995,SELL,-54,0.43,0.44
2026-01-03T20:44:12.773685Z,price_change,0.43,BUY,-290,0.43,0.44
2026-01-03T20:44:12.828916Z,price_change,0.43,BUY,-2197,0.43,0.44
2026-01-03T20:44:12.887169Z,price_change,0.43,BUY,294,0.43,0.44
,book,0.4300,BUY,15109,0.4300,0.44
,book,0.44,SELL,395340,0.4300,0.44
2026-01-03T20:44:16.000468Z,price_change,0.47,SELL,-8000,0.43,0.44
2026-01-03T20:44:19.246544Z,price_change,0.43,BUY,-294,0.43,0.44
2026-01-03T20:44:19.299144Z,price_change,0.43,BUY,-1000,0.43,0.44
2026-01-03T20:44:19.355554Z,price_change,0.43,BUY,294,0.43,0.44
2026-01-03T20:44:20.702192Z,price_change,0.43999999999999995,SELL,-21,0.43,0.43999999999999995
2026-01-03T20:44:22.345468Z,price_change,0.45999999999999996,SELL,-373,0.43,0.43999999999999995
2026-01-03T20:44:25.403014Z,price_change,0.45999999999999996,SELL,397,0.43,0.43999999999999995
2026-01-03T20:44:27.851302Z,price_change,0.45999999999999996,SELL,-397,0.43,0.43999999999999995
2026-01-03T20:44:37.001141Z,price_change,0.39,BUY,-500,0.43,0.43999999999999995
2026-01-03T20:44:44.38196Z,price_change,0.43,BUY,6,0.43,0.43999999999999995
2026-01-03T20:44:51.803928Z,price_change,0.43,BUY,17,0.43,0.43999999999999995
2026-01-03T20:44:52.565712Z,price_change,0.43,BUY,14,0.43,0.43999999999999995
2026-01-03T20:44:57.361621Z,price_change,0.43999999999999995,SELL,-8,0.43,0.44
2026-01-03T20:45:00.377724Z,price_change,0.43999999999999995,SELL,-4,0.43,0.43999999999999995
2026-01-03T20:45:01.060349Z,price_change,0.43999999999999995,SELL,-64,0.43,0.44
2026-01-03T20:45:03.008521Z,price_change,0.39,BUY,500,0.43,0.44
2026-01-03T20:45:04.522717Z,price_change,0.43999999999999995,SELL,-12,0.43,0.43999999999999995
2026-01-03T20:45:07.871564Z,price_change,0.43,BUY,-15,0.43,0.43999999999999995
2026-01-03T20:45:17.452943Z,price_change,0.43999999999999995,SELL,-10,0.43,0.44
,book,0.4300,BUY,13889,0.4300,0.44
,book,0.44,SELL,392108,0.4300,0.44
2026-01-03T20:48:18.651138Z,price_change,0.43999999999999995,SELL,-214,0.43,0.43999999999999995
2026-01-03T20:48:24.231068Z,price_change,0.44999999999999996,SELL,-5,0.43,0.43999999999999995
2026-01-03T20:48:28.774765Z,price_change,0.41,BUY,-1000,0.43,0.43999999999999995
2026-01-03T20:48:28.776304Z,price_change,0.43999999999999995,SELL,-1000,0.43,0.44
2026-01-03T20:48:28.809323Z,price_change,0.42,BUY,1,0.43,0.44
2026-01-03T20:48:28.810972Z,price_change,0.43,BUY,551,0.43,0.44
2026-01-03T20:48:28.812583Z,price_change,0.43999999999999995,SELL,448,0.43,0.43999999999999995
2026-01-03T20:48:28.81398Z,price_change,0.44999999999999996,SELL,1000,0.43,0.43999999999999995
2026-01-03T20:48:49.235887Z,price_change,0.45999999999999996,SELL,-90,0.43,0.43999999999999995
2026-01-03T20:48:49.441995Z,price_change,0.45999999999999996,SELL,71,0.43,0.43999999999999995
2026-01-03T20:48:49.491981Z,price_change,0.45999999999999996,SELL,-31,0.43,0.43999999999999995
2026-01-03T20:48:49.7049Z,price_change,0.43999999999999995,SELL,-9153,0.43,0.44
2026-01-03T20:48:49.716384Z,price_change,0.41,BUY,-7703,0.43,0.44
2026-01-03T20:48:49.752626Z,price_change,0.4,BUY,7895,0.43,0.44
2026-01-03T20:48:49.800761Z,price_change,0.45999999999999996,SELL,50,0.43,0.44
2026-01-03T20:48:50.249057Z,price_change,0.43999999999999995,SELL,9193,0.43,0.43999999999999995
2026-01-03T20:48:50.672147Z,price_change,0.44999999999999996,SELL,-200,0.43,0.43999999999999995
2026-01-03T20:48:50.703869Z,price_change,0.43999999999999995,SELL,200,0.43,0.43999999999999995
2026-01-03T20:48:51.035173Z,price_change,0.44999999999999996,SELL,12495,0.43,0.43999999999999995
2026-01-03T20:48:51.322337Z,price_change,0.45999999999999996,SELL,44,0.43,0.43999999999999995
2026-01-03T20:48:51.323402Z,price_change,0.44999999999999996,SELL,9514,0.43,0.43999999999999995
2026-01-03T20:48:51.475391Z,price_change,0.42,BUY,10,0.43,0.43999999999999995
2026-01-03T20:48:51.740544Z,price_change,0.45999999999999996,SELL,-64,0.43,0.43999999999999995
2026-01-03T20:48:51.74199Z,price_change,0.45999999999999996,SELL,-71,0.43,0.43999999999999995
2026-01-03T20:48:51.743308Z,price_change,0.45999999999999996,SELL,-50,0.43,0.43999999999999995
2026-01-03T20:48:51.745143Z,price_change,0.45999999999999996,SELL,-44,0.43,0.43999999999999995
2026-01-03T20:48:51.908482Z,price_change,0.45999999999999996,SELL,-751,0.43,0.43999999999999995
2026-01-03T20:48:51.967704Z,price_change,0.44999999999999996,SELL,980,0.43,0.43999999999999995
2026-01-03T20:48:52.224206Z,price_change,0.44999999999999996,SELL,196,0.43,0.43999999999999995
2026-01-03T20:48:52.280654Z,price_change,0.45999999999999996,SELL,-196,0.43,0.43999999999999995
2026-01-03T20:48:52.933739Z,price_change,0.45999999999999996,SELL,-2037,0.43,0.43999999999999995
2026-01-03T20:48:53.054758Z,price_change,0.43999999999999995,SELL,1964,0.43,0.43999999999999995
2026-01-03T20:48:56.888858Z,price_change,0.41,BUY,500,0.43,0.43999999999999995
2026-01-03T20:48:59.000442Z,price_change,0.42,BUY,-10,0.43,0.43999999999999995
2026-01-03T20:48:59.000442Z,price_change,0.39,BUY,-500,0.43,0.43999999999999995
2026-01-03T20:49:20.300591Z,price_change,0.43,BUY,-34,0.43,0.43999999999999995
2026-01-03T20:49:21.399067Z,price_change,0.43999999999999995,SELL,88,0.43,0.43999999999999995
2026-01-03T20:49:27.859813Z,price_change,0.43,BUY,11,0.43,0.43999999999999995
2026-01-03T20:49:30.364958Z,price_change,0.43999999999999995,SELL,-10,0.43,0.43999999999999995
2026-01-03T20:49:39.812534Z,price_change,0.43,BUY,15,0.43,0.43999999999999995
2026-01-03T20:49:50.981954Z,price_change,0.44999999999999996,SELL,-555,0.43,0.43999999999999995
2026-01-03T20:49:55.37767Z,price_change,0.43999999999999995,SELL,-2,0.43,0.43999999999999995
2026-01-03T20:49:56.809941Z,price_change,0.43999999999999995,SELL,-4,0.43,0.43999999999999995
2026-01-03T20:50:02.000531Z,price_change,0.39,BUY,-500,0.43,0.43999999999999995
2026-01-03T20:50:11.511271Z,price_change,0.43,BUY,-17,0.43,0.43999999999999995
2026-01-03T20:50:12.200516Z,price_change,0.43999999999999995,SELL,-389,0.43,0.43999999999999995
2026-01-03T20:50:14.602041Z,price_change,0.43,BUY,-2,0.43,0.43999999999999995
2026-01-03T20:50:25.583896Z,price_change,0.41,BUY,10,0.43,0.43999999999999995
2026-01-03T20:50:25.896974Z,price_change,0.39,BUY,500,0.43,0.43999999999999995
2026-01-03T20:50:30.054082Z,price_change,0.43999999999999995,SELL,-51,0.43,0.43999999999999995
2026-01-03T20:50:31.351061Z,price_change,0.45999999999999996,SELL,8317,0.43,0.43999999999999995
2026-01-03T20:50:31.382497Z,price_change,0.45999999999999996,SELL,9439,0.43,0.43999999999999995
2026-01-03T20:50:33.000133Z,price_change,0.41,BUY,-10,0.43,0.43999999999999995
2026-01-03T20:50:33.241387Z,price_change,0.43,BUY,345,0.43,0.43999999999999995
2026-01-03T20:50:42.943319Z,price_change,0.43,BUY,-5,0.43,0.43999999999999995
2026-01-03T20:50:43.583996Z,price_change,0.43,BUY,12,0.43,0.43999999999999995
2026-01-03T20:50:45.188521Z,price_change,0.43,BUY,-237,0.43,0.43999999999999995
2026-01-03T20:50:45.245373Z,price_change,0.43,BUY,-498,0.43,0.43999999999999995
2026-01-03T20:50:45.301991Z,price_change,0.43,BUY,295,0.43,0.43999999999999995
2026-01-03T20:50:47.119825Z,price_change,0.44999999999999996,SELL,5,0.43,0.43999999999999995
2026-01-03T20:50:48.939314Z,price_change,0.43,BUY,-5,0.43,0.43999999999999995
2026-01-03T20:50:52.897047Z,price_change,0.43,BUY,16,0.43,0.43999999999999995
2026-01-03T20:51:14.100491Z,price_change,0.43,BUY,-17,0.43,0.43999999999999995
2026-01-03T20:51:20.277005Z,price_change,0.43,BUY,-8,0.43,0.43999999999999995
2026-01-03T20:51:23.474615Z,price_change,0.44999999999999996,SELL,-56,0.43,0.43999999999999995
2026-01-03T20:51:25.554815Z,price_change,0.43,BUY,-15,0.43,0.43999999999999995
2026-01-03T20:51:43.10192Z,price_change,0.39,BUY,500,0.43,0.43999999999999995
2026-01-03T20:51:44.068903Z,price_change,0.43,BUY,-150,0.43,0.43999999999999995
2026-01-03T20:51:54.196827Z,price_change,0.45999999999999996,SELL,-44,0.43,0.43999999999999995
2026-01-03T20:52:00.349066Z,price_change,0.41,BUY,-500,0.43,0.43999999999999995
2026-01-03T20:52:03.467244Z,price_change,0.42,BUY,10362,0.43,0.43999999999999995
2026-01-03T20:52:08.829166Z,price_change,0.43999999999999995,SELL,-25,0.43,0.43999999999999995
2026-01-03T20:52:20.275786Z,price_change,0.43999999999999995,SELL,-126,0.43,0.43999999999999995
2026-01-03T20:52:20.797565Z,price_change,0.43999999999999995,SELL,-50,0.43,0.43999999999999995
2026-01-03T20:52:26.102886Z,price_change,0.43,BUY,-1,0.43,0.43999999999999995
2026-01-03T20:52:28.939954Z,price_change,0.43,BUY,-25,0.43,0.43999999999999995
2026-01-03T20:52:29.814429Z,price_change,0.43,BUY,-23,0.43,0.43999999999999995
2026-01-03T20:52:30.525805Z,price_change,0.43999999999999995,SELL,-50,0.43,0.43999999999999995
2026-01-03T20:52:35.902023Z,price_change,0.43,BUY,-51,0.43,0.43999999999999995
2026-01-03T20:52:35.95474Z,price_change,0.43,BUY,-305,0.43,0.43999999999999995
2026-01-03T20:52:36.0098Z,price_change,0.43,BUY,295,0.43,0.43999999999999995
2026-01-03T20:52:36.079395Z,price_change,0.45999999999999996,SELL,-1164,0.43,0.43999999999999995
2026-01-03T20:52:37.013171Z,price_change,0.45999999999999996,SELL,1237,0.43,0.43999999999999995
2026-01-03T20:52:37.775492Z,price_change,0.45999999999999996,SELL,-1237,0.43,0.43999999999999995
2026-01-03T20:52:39.448561Z,price_change,0.43999999999999995,SELL,-10,0.43,0.43999999999999995
2026-01-03T20:52:39.46274Z,price_change,0.43999999999999995,SELL,-2,0.43,0.43999999999999995
2026-01-03T20:52:46.298509Z,price_change,0.45999999999999996,SELL,1237,0.43,0.43999999999999995
2026-01-03T20:52:51.931738Z,price_change,0.43999999999999995,SELL,-1469,0.43,0.43999999999999995
2026-01-03T20:52:53.065873Z,price_change,0.45999999999999996,SELL,-1237,0.43,0.43999999999999995
2026-01-03T20:52:53.291292Z,price_change,0.36,BUY,500,0.43,0.43999999999999995
2026-01-03T20:52:58.136648Z,price_change,0.45999999999999996,SELL,1237,0.43,0.43999999999999995
2026-01-03T20:52:59.152846Z,price_change,0.45999999999999996,SELL,-1237,0.43,0.43999999999999995
2026-01-03T20:52:59.436927Z,price_change,0.43999999999999995,SELL,-10,0.43,0.43999999999999995
2026-01-03T20:52:59.564773Z,price_change,0.43999999999999995,SELL,10,0.43,0.43999999999999995
2026-01-03T20:53:03.885013Z,price_change,0.43999999999999995,SELL,-4,0.43,0.43999999999999995
2026-01-03T20:53:06.364705Z,price_change,0.45999999999999996,SELL,1237,0.43,0.43999999999999995
2026-01-03T20:53:10.859275Z,price_change,0.43,BUY,-4,0.43,0.43999999999999995
2026-01-03T20:53:18.061044Z,price_change,0.43,BUY,-17,0.43,0.43999999999999995
2026-01-03T20:53:19.194808Z,price_change,0.43999999999999995,SELL,-652,0.43,0.43999999999999995
,book,0.2700,BUY,37073,0.2700,0.28
,book,0.28,SELL,6580,0.2700,0.28
2026-01-03T23:16:02.133009Z,price_change,0.28,SELL,-17,0.27,0.28
2026-01-03T23:16:04.57577Z,price_change,0.27,BUY,-196,0.27,0.28
2026-01-03T23:16:04.676186Z,price_change,0.27,BUY,-100,0.27,0.28
2026-01-03T23:16:04.804267Z,price_change,0.27,BUY,-100,0.27,0.28
2026-01-03T23:16:04.902883Z,price_change,0.27,BUY,100,0.27,0.28
2026-01-03T23:16:05.232198Z,price_change,0.28,SELL,-50,0.27,0.28
2026-01-03T23:16:05.652295Z,price_change,0.28,SELL,-17,0.27,0.28
2026-01-03T23:16:06.001018Z,price_change,0.76,SELL,-1901,0.27,0.28
2026-01-03T23:16:06.363682Z,price_change,0.26,BUY,-1189,0.27,0.28
2026-01-03T23:16:06.690124Z,price_change,0.26,BUY,1189,0.27,0.28
2026-01-03T23:16:07.055316Z,price_change,0.28,SELL,-330,0.27,0.28
2026-01-03T23:16:08.387736Z,price_change,0.84,SELL,1963,0.27,0.28
2026-01-03T23:16:13.000993Z,price_change,0.5700000000000001,SELL,-1055,0.27,0.28
2026-01-03T23:16:14.000081Z,price_change,0.52,SELL,-78,0.27,0.28
2026-01-03T23:16:14.549841Z,price_change,0.52,SELL,78,0.27,0.28
2026-01-03T23:16:14.556233Z,price_change,0.5700000000000001,SELL,667,0.27,0.28
2026-01-03T23:16:14.561505Z,price_change,0.65,SELL,523,0.27,0.28
2026-01-03T23:16:15.000041Z,price_change,0.71,SELL,-1800,0.27,0.28
2026-01-03T23:16:15.950629Z,price_change,0.28,SELL,-100,0.27,0.28
2026-01-03T23:16:16.206337Z,price_change,0.27,BUY,100,0.27,0.28
2026-01-03T23:16:16.574489Z,price_change,0.71,SELL,1277,0.27,0.28
2026-01-03T23:16:17.356897Z,price_change,0.28,SELL,-193,0.27,0.28
2026-01-03T23:16:18.244812Z,price_change,0.28,SELL,-6,0.27,0.28
2026-01-03T23:16:18.853029Z,price_change,0.31999999999999995,SELL,150,0.27,0.28
2026-01-03T23:16:18.887258Z,price_change,0.25,BUY,-100,0.27,0.28
2026-01-03T23:16:18.887258Z,price_change,0.26,BUY,100,0.27,0.28
2026-01-03T23:16:18.890556Z,price_change,0.27,BUY,150,0.27,0.28
2026-01-03T23:16:18.909382Z,price_change,0.29000000000000004,SELL,-20,0.27,0.28
2026-01-03T23:16:18.909382Z,price_change,0.30000000000000004,SELL,20,0.27,0.28
2026-01-03T23:16:19.173735Z,price_change,0.28,SELL,-200,0.27,0.28
2026-01-03T23:16:21.001377Z,price_change,0.54,SELL,-189,0.27,0.28
2026-01-03T23:16:21.577145Z,price_change,0.5900000000000001,SELL,493,0.27,0.28
2026-01-03T23:16:22.175965Z,price_change,0.27,BUY,-100,0.27,0.28
2026-01-03T23:16:22.211651Z,price_change,0.26,BUY,-100,0.27,0.28
2026-01-03T23:16:22.211651Z,price_change,0.25,BUY,100,0.27,0.28
2026-01-03T23:16:22.387193Z,price_change,0.27,BUY,100,0.27,0.28
2026-01-03T23:16:23.469081Z,price_change,0.1,BUY,-50,0.27,0.28
2026-01-03T23:16:23.535852Z,price_change,0.28,SELL,-13,0.27,0.28
2026-01-03T23:16:24.000103Z,price_change,0.6599999999999999,SELL,-1065,0.27,0.28
2026-01-03T23:16:24.629702Z,price_change,0.6599999999999999,SELL,862,0.27,0.28
2026-01-03T23:16:24.745031Z,price_change,0.27,BUY,-71,0.27,0.28
2026-01-03T23:16:25.001629Z,price_change,0.53,SELL,-117,0.27,0.28
2026-01-03T23:16:25.578662Z,price_change,0.54,SELL,221,0.27,0.28
2026-01-03T23:16:27.20568Z,price_change,0.30000000000000004,SELL,-20,0.27,0.28
2026-01-03T23:16:27.20568Z,price_change,0.29000000000000004,SELL,20,0.27,0.28
2026-01-03T23:16:27.896787Z,price_change,0.28,SELL,-3,0.27,0.28
2026-01-03T23:16:29.003128Z,price_change,0.26,BUY,-1189,0.27,0.28
2026-01-03T23:16:30.432284Z,price_change,0.28,SELL,-402,0.27,0.28
2026-01-03T23:16:30.639244Z,price_change,0.26,BUY,1189,0.27,0.28
2026-01-03T23:16:30.983098Z,price_change,0.26,BUY,-1189,0.27,0.28
2026-01-03T23:16:35.000649Z,price_change,0.53,SELL,-213,0.27,0.28
2026-01-03T23:16:35.004299Z,price_change,0.27,BUY,-2032,0.27,0.28
2026-01-03T23:16:35.056086Z,price_change,0.52,SELL,-3442,0.27,0.28
2026-01-03T23:16:35.064415Z,price_change,0.6,SELL,-21513,0.27,0.28
2026-01-03T23:16:35.089818Z,price_change,0.53,SELL,3442,0.27,0.28
2026-01-03T23:16:35.122799Z,price_change,0.5900000000000001,SELL,21513,0.27,0.28
2026-01-03T23:16:35.161842Z,price_change,0.27,BUY,-100,0.27,0.28
2026-01-03T23:16:35.262866Z,price_change,0.27,BUY,100,0.27,0.28
2026-01-03T23:16:35.723566Z,price_change,0.52,SELL,53,0.27,0.28
2026-01-03T23:16:35.724943Z,price_change,0.53,SELL,210,0.27,0.28
2026-01-03T23:16:35.767597Z,price_change,0.53,SELL,-3442,0.27,0.28
2026-01-03T23:16:35.795884Z,price_change,0.52,SELL,3442,0.27,0.28
2026-01-03T23:16:36.706072Z,price_change,0.2,BUY,100,0.27,0.28
2026-01-03T23:16:36.756367Z,price_change,0.52,SELL,-53,0.27,0.28
2026-01-03T23:16:37.02009Z,price_change,0.28,SELL,-102,0.27,0.28
2026-01-03T23:16:38.036551Z,price_change,0.5900000000000001,SELL,-21513,0.27,0.28
2026-01-03T23:16:38.07309Z,price_change,0.6,SELL,21513,0.27,0.28
2026-01-03T23:16:38.694233Z,price_change,0.28,SELL,-5,0.27,0.28
2026-01-03T23:16:39.201164Z,price_change,0.28,SELL,-3,0.27,0.28
2026-01-03T23:16:40.074336Z,price_change,0.29000000000000004,SELL,-20,0.27,0.28
2026-01-03T23:16:40.074336Z,price_change,0.30000000000000004,SELL,20,0.27,0.28
2026-01-03T23:16:40.319881Z,price_change,0.26,BUY,1189,0.27,0.28
2026-01-03T23:16:41.625576Z,price_change,0.27,BUY,-100,0.27,0.28
2026-01-03T23:16:41.88127Z,price_change,0.27,BUY,100,0.27,0.28
2026-01-03T23:16:42.949407Z,price_change,0.31000000000000005,SELL,150,0.27,0.28
2026-01-03T23:16:43.046957Z,price_change,0.27,BUY,-150,0.27,0.28
2026-01-03T23:16:43.048106Z,price_change,0.31999999999999995,SELL,-150,0.27,0.28
2026-01-03T23:16:44.338676Z,price_change,0.27,BUY,-100,0.27,0.28
2026-01-03T23:16:45.038736Z,price_change,0.28,SELL,-13,0.27,0.28
2026-01-03T23:16:45.07261Z,price_change,0.25,BUY,-100,0.27,0.28
2026-01-03T23:16:45.07261Z,price_change,0.26,BUY,100,0.27,0.28
2026-01-03T23:16:45.182627Z,price_change,0.27,BUY,100,0.27,0.28
2026-01-03T23:16:46.087595Z,price_change,0.26,BUY,-1189,0.27,0.28
2026-01-03T23:16:46.222312Z,price_change,0.28,SELL,-10,0.27,0.28
2026-01-03T23:16:46.318607Z,price_change,0.27,BUY,-100,0.27,0.28
2026-01-03T23:16:46.416845Z,price_change,0.27,BUY,100,0.27,0.28
2026-01-03T23:16:48.232992Z,price_change,0.28,SELL,-25,0.27,0.28
2026-01-03T23:16:48.378665Z,price_change,0.26,BUY,1189,0.27,0.28
2026-01-03T23:16:50.385168Z,price_change,0.28,SELL,-24,0.27,0.28
2026-01-03T23:16:50.787037Z,price_change,0.28,SELL,-5,0.27,0.28
2026-01-03T23:16:51.155066Z,price_change,0.52,SELL,-78,0.27,0.28
2026-01-03T23:16:51.452098Z,price_change,0.28,SELL,-34,0.27,0.28
2026-01-03T23:16:51.45333Z,price_change,0.28,SELL,-1,0.27,0.28
2026-01-03T23:16:53.074208Z,price_change,0.27,BUY,-100,0.27,0.28
2026-01-03T23:16:53.301046Z,price_change,0.27,BUY,100,0.27,0.28
2026-01-03T23:16:53.40021Z,price_change,0.27,BUY,-100,0.27,0.28
2026-01-03T23:16:53.664553Z,price_change,0.28,SELL,-50,0.27,0.28
2026-01-03T23:16:57.336986Z,price_change,0.28,SELL,-190,0.27,0.28
2026-01-03T23:16:57.632876Z,price_change,0.27,BUY,100,0.27,0.28
2026-01-03T23:16:59.475848Z,price_change,0.28,SELL,-1,0.27,0.28
2026-01-03T23:17:02.00041Z,price_change,0.84,SELL,-1963,0.27,0.28
2026-01-03T23:17:02.466484Z,price_change,0.28,SELL,-34,0.27,0.28
2026-01-03T23:17:02.925034Z,price_change,0.84,SELL,1908,0.27,0.28
2026-01-03T23:17:03.524034Z,price_change,0.26,BUY,-1189,0.27,0.28
2026-01-03T23:17:03.857587Z,price_change,0.26,BUY,1189,0.27,0.28
2026-01-03T23:17:05.044688Z,price_change,0.28,SELL,-102,0.27,0.28
2026-01-03T23:17:05.405914Z,price_change,0.27,BUY,-100,0.27,0.28
2026-01-03T23:17:05.500701Z,price_change,0.27,BUY,100,0.27,0.28
2026-01-03T23:17:07.000327Z,price_change,0.65,SELL,-523,0.27,0.28
2026-01-03T23:17:07.000327Z,price_change,0.71,SELL,-1277,0.27,0.28
2026-01-03T23:17:07.945269Z,price_change,0.71,SELL,1464,0.27,0.28
2026-01-03T23:17:08.907705Z,price_change,0.29000000000000004,SELL,-1,0.27,0.28
2026-01-03T23:17:08.907705Z,price_change,0.30000000000000004,SELL,1,0.27,0.28
2026-01-03T23:17:09.882858Z,price_change,0.29000000000000004,SELL,-1,0.27,0.28
2026-01-03T23:17:09.882858Z,price_change,0.30000000000000004,SELL,1,0.27,0.28
2026-01-03T23:17:10.173032Z,price_change,0.27,BUY,-100,0.27,0.28
2026-01-03T23:17:10.736429Z,price_change,0.30000000000000004,SELL,-1,0.27,0.28
2026-01-03T23:17:10.736429Z,price_change,0.29000000000000004,SELL,1,0.27,0.28
2026-01-03T23:17:11.000149Z,price_change,0.5700000000000001,SELL,-667,0.27,0.28
2026-01-03T23:17:11.080595Z,price_change,0.27,BUY,100,0.27,0.28
2026-01-03T23:17:11.566248Z,price_change,0.5700000000000001,SELL,618,0.27,0.28
2026-01-03T23:17:11.869823Z,price_change,0.27,BUY,1189,0.27,0.28
2026-01-03T23:17:12.245138Z,price_change,0.26,BUY,-1189,0.27,0.28
2026-01-03T23:17:13.122812Z,price_change,0.5800000000000001,SELL,190,0.27,0.28
2026-01-03T23:17:14.000045Z,price_change,0.5900000000000001,SELL,-493,0.27,0.28
2026-01-03T23:17:15.028034Z,price_change,0.5900000000000001,SELL,424,0.27,0.28
2026-01-03T23:17:16.37117Z,price_change,0.28,SELL,-17,0.27,0.28
2026-01-03T23:17:16.401781Z,price_change,0.26,BUY,-100,0.27,0.28
2026-01-03T23:17:16.401781Z,price_change,0.25,BUY,100,0.27,0.28
2026-01-03T23:17:17.24195Z,price_change,0.28,SELL,-100,0.27,0.28
2026-01-03T23:17:18.783798Z,price_change,0.26,BUY,-5,0.27,0.28
2026-01-03T23:17:18.806284Z,price_change,0.28,SELL,-50,0.27,0.28
2026-01-03T23:17:19.412359Z,price_change,0.30000000000000004,SELL,-1,0.27,0.28
2026-01-03T23:17:19.412359Z,price_change,0.29000000000000004,SELL,1,0.27,0.28
2026-01-03T23:17:20.151614Z,price_change,0.28,SELL,-60,0.27,0.28
2026-01-03T23:17:20.185787Z,price_change,0.25,BUY,-100,0.27,0.28
2026-01-03T23:17:20.185787Z,price_change,0.26,BUY,100,0.27,0.28
2026-01-03T23:17:21.002555Z,price_change,0.6599999999999999,SELL,-862,0.27,0.28
2026-01-03T23:17:21.472977Z,price_change,0.6599999999999999,SELL,1454,0.27,0.28
2026-01-03T23:17:22.000066Z,price_change,0.54,SELL,-221,0.27,0.28
2026-01-03T23:17:22.602836Z,price_change,0.28,SELL,-1020,0.27,0.28
2026-01-03T23:17:22.784393Z,price_change,0.28,SELL,-51,0.27,0.28
2026-01-03T23:17:23.058471Z,price_change,0.54,SELL,190,0.27,0.28
2026-01-03T23:17:25.000185Z,price_change,0.53,SELL,-210,0.27,0.28
2026-01-03T23:17:25.043636Z,price_change,0.52,SELL,-3442,0.27,0.28
2026-01-03T23:17:25.107383Z,price_change,0.53,SELL,3442,0.27,0.28
2026-01-03T23:17:26.176356Z,price_change,0.53,SELL,180,0.27,0.28
2026-01-03T23:17:26.205606Z,price_change,0.53,SELL,-3442,0.27,0.28
2026-01-03T23:17:26.231817Z,price_change,0.52,SELL,3442,0.27,0.28
2026-01-03T23:17:28.988345Z,price_change,0.26,BUY,-11538,0.27,0.28
2026-01-03T23:17:28.996299Z,price_change,0.24,BUY,12000,0.27,0.28
2026-01-03T23:17:29.004696Z,price_change,0.31000000000000005,SELL,-4348,0.27,0.28
2026-01-03T23:17:29.008661Z,price_change,0.30000000000000004,SELL,4286,0.27,0.28
2026-01-03T23:17:29.056639Z,price_change,0.26,BUY,-100,0.27,0.28
2026-01-03T23:17:29.056639Z,price_change,0.25,BUY,100,0.27,0.28
2026-01-03T23:17:29.792085Z,price_change,0.6,SELL,73,0.27,0.28
2026-01-03T23:17:30.073623Z,price_change,0.27,BUY,150,0.27,0.28
2026-01-03T23:17:32.514385Z,price_change,0.28,SELL,-340,0.27,0.28
2026-01-03T23:17:32.75547Z,price_change,0.27,BUY,-106,0.27,0.28
2026-01-03T23:17:33.335154Z,price_change,0.28,SELL,-170,0.27,0.28
2026-01-03T23:17:35.605557Z,price_change,0.27,BUY,-100,0.27,0.28
2026-01-03T23:17:35.700224Z,price_change,0.27,BUY,100,0.27,0.28
2026-01-03T23:17:36.26665Z,price_change,0.26,BUY,5,0.27,0.28
2026-01-03T23:17:37.858934Z,price_change,0.28,SELL,-510,0.27,0.28
2026-01-03T23:17:38.000012Z,price_change,0.28,SELL,-50,0.27,0.28
2026-01-03T23:17:38.447324Z,price_change,0.27,BUY,11186,0.27,0.28
2026-01-03T23:17:38.697085Z,price_change,0.27,BUY,-100,0.27,0.28
2026-01-03T23:17:38.744213Z,price_change,0.27,BUY,-11186,0.27,0.28
2026-01-03T23:17:38.955341Z,price_change,0.27,BUY,100,0.27,0.28
2026-01-03T23:17:39.960065Z,price_change,0.28,SELL,-667,0.27,0.28
2026-01-03T23:17:40.008853Z,price_change,0.28,SELL,-1615,0.27,0.29
2026-01-03T23:17:40.082014Z,price_change,0.29000000000000004,SELL,-1,0.27,0.29
2026-01-03T23:17:40.082014Z,price_change,0.30000000000000004,SELL,1,0.27,0.29
2026-01-03T23:17:40.209413Z,price_change,0.24,BUY,364,0.27,0.29
2026-01-03T23:17:40.21132Z,price_change,0.17,BUY,364,0.27,0.29
2026-01-03T23:17:40.213089Z,price_change,0.36,SELL,364,0.27,0.29
2026-01-03T23:17:40.214489Z,price_change,0.5,SELL,364,0.27,0.29
2026-01-03T23:17:40.73804Z,price_change,0.29000000000000004,SELL,-1,0.27,0.29
2026-01-03T23:17:40.73804Z,price_change,0.30000000000000004,SELL,1,0.27,0.29
2026-01-03T23:17:42.524425Z,price_change,0.52,SELL,78,0.27,0.29
2026-01-03T23:17:42.527306Z,price_change,0.53,SELL,155,0.27,0.29
2026-01-03T23:17:43.000104Z,price_change,0.24,BUY,-364,0.27,0.29
2026-01-03T23:17:43.000104Z,price_change,0.5,SELL,-364,0.27,0.29
2026-01-03T23:17:43.000104Z,price_change,0.17,BUY,-364,0.27,0.29
2026-01-03T23:17:43.000104Z,price_change,0.36,SELL,-364,0.27,0.29
2026-01-03T23:17:44.276786Z,price_change,0.27,BUY,-100,0.27,0.29
2026-01-03T23:17:44.313479Z,price_change,0.27,BUY,11186,0.27,0.29
2026-01-03T23:17:45.643584Z,price_change,0.29000000000000004,SELL,-4,0.27,0.29
2026-01-03T23:17:46.921618Z,price_change,0.29000000000000004,SELL,-6,0.27,0.29
2026-01-03T23:17:47.018083Z,price_change,0.27,BUY,100,0.27,0.29
2026-01-03T23:17:51.745581Z,price_change,0.25,BUY,7200,0.27,0.29
2026-01-03T23:17:51.925013Z,price_change,0.26,BUY,-7200,0.27,0.29
2026-01-03T23:17:52.967552Z,price_change,0.29000000000000004,SELL,-5,0.27,0.29
2026-01-03T23:17:54.167219Z,price_change,0.29000000000000004,SELL,-6,0.27,0.29
2026-01-03T23:17:55.139327Z,price_change,0.29000000000000004,SELL,-5854,0.27,0.29
2026-01-03T23:17:56.000186Z,price_change,0.84,SELL,-1908,0.27,0.29
2026-01-03T23:17:56.624253Z,price_change,0.29000000000000004,SELL,-32,0.27,0.29
2026-01-03T23:17:56.635619Z,price_change,0.24,BUY,364,0.27,0.29
2026-01-03T23:17:56.636547Z,price_change,0.17,BUY,364,0.27,0.29
2026-01-03T23:17:56.637434Z,price_change,0.36,SELL,364,0.27,0.29
2026-01-03T23:17:56.638366Z,price_change,0.5,SELL,364,0.27,0.29
2026-01-03T23:17:57.10335Z,price_change,0.84,SELL,1949,0.27,0.29
2026-01-03T23:17:59.000683Z,price_change,0.5,SELL,-364,0.27,0.29
2026-01-03T23:17:59.000683Z,price_change,0.24,BUY,-364,0.27,0.29
2026-01-03T23:17:59.000683Z,price_change,0.36,SELL,-364,0.27,0.29
2026-01-03T23:17:59.000683Z,price_change,0.17,BUY,-364,0.27,0.29
2026-01-03T23:17:59.24326Z,price_change,0.24,BUY,-12000,0.27,0.29
2026-01-03T23:17:59.290179Z,price_change,0.30000000000000004,SELL,-4286,0.27,0.29
2026-01-03T23:17:59.290733Z,price_change,0.25,BUY,12000,0.27,0.29
2026-01-03T23:17:59.297741Z,price_change,0.31000000000000005,SELL,4348,0.27,0.29
2026-01-03T23:18:00.000145Z,price_change,0.71,SELL,-1464,0.27,0.29
2026-01-03T23:18:00.657373Z,price_change,0.27,BUY,-11186,0.27,0.29
2026-01-03T23:18:01.017147Z,price_change,0.76,SELL,2105,0.27,0.29
2026-01-03T23:18:01.083768Z,price_change,0.26,BUY,7200,0.27,0.29
2026-01-03T23:18:01.25985Z,price_change,0.25,BUY,-7200,0.27,0.29
2026-01-03T23:18:02.513123Z,price_change,0.38,SELL,1,0.27,0.29
2026-01-03T23:18:02.659261Z,price_change,0.29000000000000004,SELL,-16,0.27,0.29
2026-01-03T23:18:03.551484Z,price_change,0.29000000000000004,SELL,-425,0.27,0.29
2026-01-03T23:18:03.998369Z,price_change,0.27,BUY,4,0.27,0.29
2026-01-03T23:18:05.806483Z,price_change,0.27,BUY,-100,0.27,0.29
2026-01-03T23:18:05.941297Z,price_change,0.27,BUY,100,0.27,0.29
2026-01-03T23:18:06.000611Z,price_change,0.5700000000000001,SELL,-618,0.27,0.29
2026-01-03T23:18:06.62437Z,price_change,0.26,BUY,250,0.27,0.29
2026-01-03T23:18:07.16334Z,price_change,0.5700000000000001,SELL,681,0.27,0.29
2026-01-03T23:18:08.00075Z,price_change,0.5900000000000001,SELL,-424,0.27,0.29
2026-01-03T23:18:08.883651Z,price_change,0.29000000000000004,SELL,-3,0.27,0.29
2026-01-03T23:18:09.206467Z,price_change,0.71,SELL,1465,0.27,0.29
2026-01-03T23:18:09.44001Z,price_change,0.29000000000000004,SELL,-25,0.27,0.29
2026-01-03T23:18:10.999352Z,price_change,0.29000000000000004,SELL,-3,0.27,0.29
2026-01-03T23:18:12.683687Z,price_change,0.29000000000000004,SELL,-16,0.27,0.29
2026-01-03T23:18:12.946761Z,price_change,0.29000000000000004,SELL,-1,0.27,0.29
2026-01-03T23:18:12.957982Z,price_change,0.24,BUY,364,0.27,0.29
2026-01-03T23:18:12.958854Z,price_change,0.17,BUY,364,0.27,0.29
2026-01-03T23:18:12.959857Z,price_change,0.36,SELL,364,0.27,0.29
2026-01-03T23:18:12.961018Z,price_change,0.5,SELL,364,0.27,0.29
2026-01-03T23:18:15.00422Z,price_change,0.5,SELL,-364,0.27,0.29
2026-01-03T23:18:15.00422Z,price_change,0.24,BUY,-364,0.27,0.29
2026-01-03T23:18:15.00422Z,price_change,0.17,BUY,-364,0.27,0.29
2026-01-03T23:18:15.00422Z,price_change,0.36,SELL,-364,0.27,0.29
2026-01-03T23:18:17.555734Z,price_change,0.29000000000000004,SELL,-16,0.27,0.29
2026-01-03T23:18:17.586963Z,price_change,0.27,BUY,-100,0.27,0.29
2026-01-03T23:18:17.847383Z,price_change,0.29000000000000004,SELL,-34,0.27,0.29
2026-01-03T23:18:18.100382Z,price_change,0.27,BUY,100,0.27,0.29
2026-01-03T23:18:19.003788Z,price_change,0.54,SELL,-190,0.27,0.29
2026-01-03T23:18:19.818823Z,price_change,0.29000000000000004,SELL,-64,0.27,0.29
2026-01-03T23:18:19.938542Z,price_change,0.29000000000000004,SELL,-1,0.27,0.29
2026-01-03T23:18:20.252102Z,price_change,0.5900000000000001,SELL,617,0.27,0.29
2026-01-03T23:18:21.001118Z,price_change,0.6599999999999999,SELL,-1454,0.27,0.29
2026-01-03T23:18:22.073407Z,price_change,0.27,BUY,-16,0.27,0.29
2026-01-03T23:18:22.380758Z,price_change,0.31000000000000005,SELL,50,0.27,0.29
2026-01-03T23:18:22.384205Z,price_change,0.28,BUY,99,0.28,0.29
2026-01-03T23:18:22.396812Z,price_change,0.26,BUY,-590,0.28,0.29
2026-01-03T23:18:22.398097Z,price_change,0.29000000000000004,SELL,-910,0.28,0.29
2026-01-03T23:18:22.402285Z,price_change,0.27,BUY,590,0.28,0.29
2026-01-03T23:18:22.405897Z,price_change,0.27,BUY,-150,0.28,0.29
2026-01-03T23:18:22.407635Z,price_change,0.31000000000000005,SELL,-150,0.28,0.29
2026-01-03T23:18:22.415245Z,price_change,0.30000000000000004,SELL,910,0.28,0.29
2026-01-03T23:18:22.480509Z,price_change,0.27,BUY,-100,0.28,0.29
2026-01-03T23:18:22.638753Z,price_change,0.27,BUY,-100,0.28,0.29
2026-01-03T23:18:22.705688Z,price_change,0.29000000000000004,SELL,-6,0.28,0.29
2026-01-03T23:18:22.750535Z,price_change,0.6599999999999999,SELL,1463,0.28,0.29
2026-01-03T23:18:23.062816Z,price_change,0.52,SELL,-78,0.28,0.29
2026-01-03T23:18:23.201298Z,price_change,0.53,SELL,-106,0.28,0.29
2026-01-03T23:18:23.46421Z,price_change,0.26,BUY,-5,0.28,0.29
2026-01-03T23:18:24.002777Z,price_change,0.53,SELL,-180,0.28,0.29
2026-01-03T23:18:24.042899Z,price_change,0.52,SELL,-3442,0.28,0.29
2026-01-03T23:18:24.076602Z,price_change,0.53,SELL,3442,0.28,0.29
2026-01-03T23:18:24.221166Z,price_change,0.54,SELL,220,0.28,0.29
2026-01-03T23:18:25.336918Z,price_change,0.53,SELL,180,0.28,0.29
2026-01-03T23:18:25.384136Z,price_change,0.53,SELL,-3442,0.28,0.29
2026-01-03T23:18:25.384933Z,price_change,0.29000000000000004,SELL,-163,0.28,0.29
2026-01-03T23:18:25.419809Z,price_change,0.52,SELL,3442,0.28,0.29
2026-01-03T23:18:29.23725Z,price_change,0.25,BUY,364,0.28,0.29
2026-01-03T23:18:29.238099Z,price_change,0.17,BUY,364,0.28,0.29
2026-01-03T23:18:29.239052Z,price_change,0.36,SELL,364,0.28,0.29
2026-01-03T23:18:29.240357Z,price_change,0.5,SELL,364,0.28,0.29
2026-01-03T23:18:29.466168Z,price_change,0.29000000000000004,SELL,-3,0.28,0.29
2026-01-03T23:18:30.356925Z,price_change,0.95,SELL,1000,0.28,0.29
2026-01-03T23:18:30.83419Z,price_change,0.29000000000000004,SELL,-16,0.28,0.29
2026-01-03T23:18:31.148708Z,price_change,0.29000000000000004,SELL,-3,0.28,0.29
2026-01-03T23:18:32.000439Z,price_change,0.5,SELL,-364,0.28,0.29
2026-01-03T23:18:32.000439Z,price_change,0.36,SELL,-364,0.28,0.29
2026-01-03T23:18:32.000439Z,price_change,0.17,BUY,-364,0.28,0.29
2026-01-03T23:18:32.000439Z,price_change,0.25,BUY,-364,0.28,0.29
2026-01-03T23:18:32.30399Z,price_change,0.31999999999999995,SELL,1188,0.28,0.29
2026-01-03T23:18:32.315173Z,price_change,0.31000000000000005,SELL,-1190,0.28,0.29
2026-01-03T23:18:32.819189Z,price_change,0.24,BUY,-6671,0.28,0.29
2026-01-03T23:18:32.820753Z,price_change,0.31999999999999995,SELL,-2841,0.28,0.29
2026-01-03T23:18:32.822141Z,price_change,0.23,BUY,-2320,0.28,0.29
2026-01-03T23:18:32.823423Z,price_change,0.32999999999999996,SELL,-961,0.28,0.29
2026-01-03T23:18:32.860352Z,price_change,0.25,BUY,6405,0.28,0.29
2026-01-03T23:18:32.861765Z,price_change,0.32999999999999996,SELL,2884,0.28,0.29
2026-01-03T23:18:32.863291Z,price_change,0.24,BUY,2223,0.28,0.29
2026-01-03T23:18:32.864667Z,price_change,0.33999999999999997,SELL,975,0.28,0.29
2026-01-03T23:18:32.995282Z,price_change,0.27,BUY,-590,0.28,0.29
2026-01-03T23:18:32.996383Z,price_change,0.30000000000000004,SELL,-910,0.28,0.29
2026-01-03T23:18:33.000665Z,price_change,0.53,SELL,-49,0.28,0.29
2026-01-03T23:18:33.009576Z,price_change,0.26,BUY,590,0.28,0.29
2026-01-03T23:18:33.010662Z,price_change,0.29000000000000004,SELL,910,0.28,0.29
2026-01-03T23:18:33.015869Z,price_change,0.25,BUY,-100,0.28,0.29
2026-01-03T23:18:33.015869Z,price_change,0.26,BUY,100,0.28,0.29
2026-01-03T23:18:33.951433Z,price_change,0.29000000000000004,SELL,-13,0.28,0.29
2026-01-03T23:18:34.280613Z,price_change,0.26,BUY,-590,0.28,0.29
2026-01-03T23:18:34.281817Z,price_change,0.29000000000000004,SELL,-910,0.28,0.29
2026-01-03T23:18:34.297832Z,price_change,0.27,BUY,590,0.28,0.29
2026-01-03T23:18:34.299114Z,price_change,0.30000000000000004,SELL,910,0.28,0.29
2026-01-03T23:18:34.315721Z,price_change,0.52,SELL,78,0.28,0.29
2026-01-03T23:18:34.317163Z,price_change,0.53,SELL,152,0.28,0.29
2026-01-03T23:18:34.940004Z,price_change,0.29000000000000004,SELL,-96,0.28,0.29
2026-01-03T23:18:34.961364Z,price_change,0.29000000000000004,SELL,-2,0.28,0.29
2026-01-03T23:18:35.19996Z,price_change,0.52,SELL,-78,0.28,0.29
2026-01-03T23:18:35.581623Z,price_change,0.27,BUY,-590,0.28,0.29
2026-01-03T23:18:35.58281Z,price_change,0.30000000000000004,SELL,-910,0.28,0.29
2026-01-03T23:18:35.595676Z,price_change,0.26,BUY,590,0.28,0.29
2026-01-03T23:18:35.596794Z,price_change,0.29000000000000004,SELL,910,0.28,0.29
2026-01-03T23:18:36.181005Z,price_change,0.26,BUY,-590,0.28,0.29
2026-01-03T23:18:36.182239Z,price_change,0.29000000000000004,SELL,-910,0.28,0.29
2026-01-03T23:18:36.19542Z,price_change,0.27,BUY,590,0.28,0.29
2026-01-03T23:18:36.196535Z,price_change,0.30000000000000004,SELL,910,0.28,0.29
2026-01-03T23:18:36.386105Z,price_change,0.27,BUY,11186,0.28,0.29
2026-01-03T23:18:36.755522Z,price_change,0.29000000000000004,SELL,-483,0.28,0.29
2026-01-03T23:18:37.192312Z,price_change,0.53,SELL,-106,0.28,0.29
2026-01-03T23:18:39.706675Z,price_change,0.28,BUY,-99,0.27,0.29
2026-01-03T23:18:39.71685Z,price_change,0.27,BUY,-590,0.27,0.29
2026-01-03T23:18:39.719486Z,price_change,0.30000000000000004,SELL,-910,0.27,0.29
2026-01-03T23:18:39.729153Z,price_change,0.26,BUY,590,0.27,0.29
2026-01-03T23:18:39.731861Z,price_change,0.29000000000000004,SELL,910,0.27,0.29
2026-01-03T23:18:39.770348Z,price_change,0.27,BUY,-11186,0.27,0.29
2026-01-03T23:18:39.982809Z,price_change,0.27,BUY,100,0.27,0.29
2026-01-03T23:18:39.989848Z,price_change,0.27,BUY,100,0.27,0.29
2026-01-03T23:18:40.231952Z,price_change,0.53,SELL,184,0.27,0.29
2026-01-03T23:18:40.250478Z,price_change,0.26,BUY,5,0.27,0.29
2026-01-03T23:18:40.362619Z,price_change,0.28,BUY,9,0.28,0.29
2026-01-03T23:18:40.375344Z,price_change,0.26,BUY,-590,0.28,0.29
2026-01-03T23:18:40.37808Z,price_change,0.29000000000000004,SELL,-910,0.28,0.29
2026-01-03T23:18:40.381262Z,price_change,0.31000000000000005,SELL,-50,0.28,0.29
2026-01-03T23:18:40.388557Z,price_change,0.27,BUY,590,0.28,0.29
2026-01-03T23:18:40.392084Z,price_change,0.30000000000000004,SELL,910,0.28,0.29
2026-01-03T23:18:40.462462Z,price_change,0.27,BUY,-100,0.28,0.29
2026-01-03T23:18:40.612958Z,price_change,0.27,BUY,-100,0.28,0.29
2026-01-03T23:18:41.129864Z,price_change,0.53,SELL,-184,0.28,0.29
2026-01-03T23:18:41.172968Z,price_change,0.27,BUY,11186,0.28,0.29
2026-01-03T23:18:42.799609Z,price_change,0.29000000000000004,SELL,-2258,0.28,0.29
2026-01-03T23:18:43.110279Z,price_change,0.27,BUY,-590,0.28,0.29
2026-01-03T23:18:43.11164Z,price_change,0.30000000000000004,SELL,-910,0.28,0.29
2026-01-03T23:18:43.120609Z,price_change,0.26,BUY,590,0.28,0.29
2026-01-03T23:18:43.121878Z,price_change,0.29000000000000004,SELL,910,0.28,0.29
2026-01-03T23:18:43.34117Z,price_change,0.29000000000000004,SELL,-380,0.28,0.29
2026-01-03T23:18:43.763928Z,price_change,0.31000000000000005,SELL,5,0.28,0.29
2026-01-03T23:18:44.320699Z,price_change,0.52,SELL,78,0.28,0.29
2026-01-03T23:18:45.54185Z,price_change,0.25,BUY,364,0.28,0.29
2026-01-03T23:18:45.542608Z,price_change,0.17,BUY,364,0.28,0.29
2026-01-03T23:18:45.54371Z,price_change,0.36,SELL,364,0.28,0.29
2026-01-03T23:18:45.544598Z,price_change,0.5,SELL,364,0.28,0.29
2026-01-03T23:18:45.836171Z,price_change,0.29000000000000004,SELL,-25,0.28,0.29
2026-01-03T23:18:47.001232Z,price_change,0.84,SELL,-1949,0.28,0.29
2026-01-03T23:18:47.739575Z,price_change,0.29000000000000004,SELL,-6,0.28,0.29
2026-01-03T23:18:48.000418Z,price_change,0.17,BUY,-364,0.28,0.29
2026-01-03T23:18:48.000418Z,price_change,0.36,SELL,-364,0.28,0.29
2026-01-03T23:18:48.000418Z,price_change,0.25,BUY,-364,0.28,0.29
2026-01-03T23:18:48.000418Z,price_change,0.5,SELL,-364,0.28,0.29
2026-01-03T23:18:49.500196Z,price_change,0.30000000000000004,SELL,5,0.28,0.29
2026-01-03T23:18:50.005698Z,price_change,0.26,BUY,-5,0.28,0.29
2026-01-03T23:18:50.225319Z,price_change,0.29000000000000004,SELL,-500,0.28,0.29
2026-01-03T23:18:50.431795Z,price_change,0.26,BUY,5,0.28,0.29
2026-01-03T23:18:50.679086Z,price_change,0.30000000000000004,SELL,-5,0.28,0.29
2026-01-03T23:18:51.199865Z,price_change,0.28,BUY,-9,0.27,0.29
2026-01-03T23:18:51.339331Z,price_change,0.27,BUY,100,0.27,0.29
2026-01-03T23:18:51.4922Z,price_change,0.27,BUY,100,0.27,0.29
2026-01-03T23:18:51.923379Z,price_change,0.31000000000000005,SELL,-5,0.27,0.29
2026-01-03T23:18:52.666809Z,price_change,0.52,SELL,-78,0.27,0.29
2026-01-03T23:18:52.854551Z,price_change,0.51,SELL,144,0.27,0.29
2026-01-03T23:18:55.378107Z,price_change,0.29000000000000004,SELL,-5,0.27,0.29
2026-01-03T23:18:57.774975Z,price_change,0.29000000000000004,SELL,-125,0.27,0.29
2026-01-03T23:18:57.877876Z,price_change,0.27,BUY,-100,0.27,0.29
2026-01-03T23:18:57.878234Z,price_change,0.31999999999999995,SELL,-1188,0.27,0.29
2026-01-03T23:18:58.068477Z,price_change,0.27,BUY,100,0.27,0.29
2026-01-03T23:18:58.446601Z,price_change,0.29000000000000004,SELL,-1186,0.27,0.29
2026-01-03T23:18:58.446601Z,price_change,0.29000000000000004,SELL,-860,0.27,0.29
2026-01-03T23:18:58.446601Z,price_change,0.29000000000000004,SELL,-1239,0.27,0.29
2026-01-03T23:18:58.495946Z,price_change,0.29000000000000004,SELL,15000,0.27,0.29
2026-01-03T23:18:58.650546Z,price_change,0.31999999999999995,SELL,1188,0.27,0.29
2026-01-03T23:18:59.000085Z,price_change,0.5700000000000001,SELL,-681,0.27,0.29
2026-01-03T23:18:59.000085Z,price_change,0.76,SELL,-2105,0.27,0.29
2026-01-03T23:18:59.647037Z,price_change,0.30000000000000004,SELL,-1,0.27,0.29
2026-01-03T23:18:59.647037Z,price_change,0.29000000000000004,SELL,1,0.27,0.29
2026-01-03T23:19:00.112558Z,price_change,0.29000000000000004,SELL,-322,0.27,0.29
2026-01-03T23:19:00.112854Z,price_change,0.30000000000000004,SELL,-1,0.27,0.29
2026-01-03T23:19:00.112854Z,price_change,0.29000000000000004,SELL,1,0.27,0.29
2026-01-03T23:19:00.150213Z,price_change,0.29000000000000004,SELL,860,0.27,0.29
2026-01-03T23:19:01.304537Z,price_change,0.5700000000000001,SELL,882,0.27,0.29
2026-01-03T23:19:01.462829Z,price_change,0.29000000000000004,SELL,-322,0.27,0.29
2026-01-03T23:19:01.789656Z,price_change,0.24,BUY,364,0.27,0.29
2026-01-03T23:19:01.790702Z,price_change,0.17,BUY,364,0.27,0.29
2026-01-03T23:19:01.791776Z,price_change,0.36,SELL,364,0.27,0.29
2026-01-03T23:19:01.792774Z,price_change,0.5,SELL,364,0.27,0.29
2026-01-03T23:19:02.001042Z,price_change,0.71,SELL,-1465,0.27,0.29
2026-01-03T23:19:02.32429Z,price_change,0.29000000000000004,SELL,-112,0.27,0.29
2026-01-03T23:19:02.851889Z,price_change,0.27,BUY,-100,0.27,0.29
2026-01-03T23:19:02.885579Z,price_change,0.76,SELL,1874,0.27,0.29
2026-01-03T23:19:02.914488Z,price_change,0.29000000000000004,SELL,-13,0.27,0.29
2026-01-03T23:19:02.923739Z,price_change,0.27,BUY,-11186,0.27,0.29
2026-01-03T23:19:03.619882Z,price_change,0.27,BUY,11186,0.27,0.29
2026-01-03T23:19:04.000202Z,price_change,0.17,BUY,-364,0.27,0.29
2026-01-03T23:19:04.000202Z,price_change,0.36,SELL,-364,0.27,0.29
2026-01-03T23:19:04.000202Z,price_change,0.24,BUY,-364,0.27,0.29
2026-01-03T23:19:04.000202Z,price_change,0.5,SELL,-364,0.27,0.29
2026-01-03T23:19:07.465032Z,price_change,0.29000000000000004,SELL,-20000,0.27,0.29
2026-01-03T23:19:13.000112Z,price_change,0.5900000000000001,SELL,-617,0.27,0.29
2026-01-03T23:19:14.259822Z,price_change,0.19,BUY,100,0.27,0.29
2026-01-03T23:19:14.447642Z,price_change,0.71,SELL,1502,0.27,0.29
2026-01-03T23:19:18.051583Z,price_change,0.24,BUY,364,0.27,0.29
2026-01-03T23:19:18.053163Z,price_change,0.17,BUY,364,0.27,0.29
2026-01-03T23:19:18.054429Z,price_change,0.36,SELL,364,0.27,0.29
2026-01-03T23:19:18.056015Z,price_change,0.5,SELL,364,0.27,0.29
2026-01-03T23:19:20.000525Z,price_change,0.54,SELL,-220,0.27,0.29
2026-01-03T23:19:20.4779Z,price_change,0.5900000000000001,SELL,652,0.27,0.29
2026-01-03T23:19:21.000214Z,price_change,0.6599999999999999,SELL,-1463,0.27,0.29
2026-01-03T23:19:21.000214Z,price_change,0.5,SELL,-364,0.27,0.29
2026-01-03T23:19:21.000214Z,price_change,0.17,BUY,-364,0.27,0.29
2026-01-03T23:19:21.000214Z,price_change,0.36,SELL,-364,0.27,0.29
2026-01-03T23:19:21.000214Z,price_change,0.24,BUY,-364,0.27,0.29
2026-01-03T23:19:21.000214Z,price_change,0.53,SELL,-180,0.27,0.29
2026-01-03T23:19:21.034118Z,price_change,0.52,SELL,-3442,0.27,0.29
2026-01-03T23:19:21.061Z,price_change,0.53,SELL,3442,0.27,0.29
2026-01-03T23:19:21.358571Z,price_change,0.51,SELL,-144,0.27,0.29
2026-01-03T23:19:21.559499Z,price_change,0.52,SELL,363,0.27,0.29
2026-01-03T23:19:21.596924Z,price_change,0.53,SELL,-3442,0.27,0.29
2026-01-03T23:19:21.60769Z,price_change,0.27,BUY,-100,0.27,0.29
2026-01-03T23:19:21.636297Z,price_change,0.52,SELL,3442,0.27,0.29
2026-01-03T23:19:21.705254Z,price_change,0.27,BUY,100,0.27,0.29
2026-01-03T23:19:21.871554Z,price_change,0.27,BUY,100,0.27,0.29
2026-01-03T23:19:23.006202Z,price_change,0.52,SELL,-285,0.27,0.29
2026-01-03T23:19:23.041668Z,price_change,0.52,SELL,-3442,0.27,0.29
2026-01-03T23:19:23.104607Z,price_change,0.53,SELL,3442,0.27,0.29
2026-01-03T23:19:23.153086Z,price_change,0.53,SELL,323,0.27,0.29
2026-01-03T23:19:23.160658Z,price_change,0.6599999999999999,SELL,1410,0.27,0.29
2026-01-03T23:19:23.184697Z,price_change,0.53,SELL,-3442,0.27,0.29
2026-01-03T23:19:23.217053Z,price_change,0.52,SELL,3442,0.27,0.29
2026-01-03T23:19:23.487686Z,price_change,0.27,BUY,-100,0.27,0.29
2026-01-03T23:19:23.489661Z,price_change,0.27,BUY,-100,0.27,0.29
2026-01-03T23:19:25.000895Z,price_change,0.53,SELL,-46,0.27,0.29
2026-01-03T23:19:26.078183Z,price_change,0.27,BUY,-600,0.27,0.29
2026-01-03T23:19:26.441044Z,price_change,0.52,SELL,-78,0.27,0.29
2026-01-03T23:19:26.594655Z,price_change,0.51,SELL,133,0.27,0.29
2026-01-03T23:19:26.978398Z,price_change,0.29000000000000004,SELL,10000,0.27,0.29
2026-01-03T23:19:27.137939Z,price_change,0.29000000000000004,SELL,-29,0.27,0.29
2026-01-03T23:19:27.301428Z,price_change,0.29000000000000004,SELL,10000,0.27,0.29
2026-01-03T23:19:29.070367Z,price_change,0.29000000000000004,SELL,-46,0.27,0.29
2026-01-03T23:19:30.235234Z,price_change,0.31999999999999995,SELL,-1188,0.27,0.29
2026-01-03T23:19:34.439029Z,price_change,0.24,BUY,364,0.27,0.29
2026-01-03T23:19:34.440135Z,price_change,0.17,BUY,364,0.27,0.29
2026-01-03T23:19:34.441058Z,price_change,0.36,SELL,364,0.27,0.29
2026-01-03T23:19:34.44197Z,price_change,0.5,SELL,364,0.27,0.29
2026-01-03T23:19:35.076847Z,price_change,0.29000000000000004,SELL,-16,0.27,0.29
2026-01-03T23:19:35.226701Z,price_change,0.29000000000000004,SELL,-2810,0.27,0.29
2026-01-03T23:19:35.303449Z,price_change,0.29000000000000004,SELL,-100,0.27,0.29
2026-01-03T23:19:35.713769Z,price_change,0.29000000000000004,SELL,-200,0.27,0.29
2026-01-03T23:19:37.000129Z,price_change,0.5,SELL,-364,0.27,0.29
2026-01-03T23:19:37.000129Z,price_change,0.17,BUY,-364,0.27,0.29
2026-01-03T23:19:37.000129Z,price_change,0.36,SELL,-364,0.27,0.29
2026-01-03T23:19:37.000129Z,price_change,0.24,BUY,-364,0.27,0.29
2026-01-03T23:19:39.459382Z,price_change,0.31999999999999995,SELL,1188,0.27,0.29
2026-01-03T23:19:39.930186Z,price_change,0.31999999999999995,SELL,-1188,0.27,0.29
2026-01-03T23:19:42.140958Z,price_change,0.29000000000000004,SELL,-750,0.27,0.29
2026-01-03T23:19:44.632504Z,price_change,0.29000000000000004,SELL,-9,0.27,0.29
2026-01-03T23:19:44.981829Z,price_change,0.29000000000000004,SELL,-15,0.27,0.29
2026-01-03T23:19:45.119872Z,price_change,0.29000000000000004,SELL,-3,0.27,0.29
2026-01-03T23:19:46.661493Z,price_change,0.27,BUY,-16,0.27,0.29
2026-01-03T23:19:47.554489Z,price_change,0.31999999999999995,SELL,1188,0.27,0.29
2026-01-03T23:19:48.034943Z,price_change,0.29000000000000004,SELL,-1000,0.27,0.29
2026-01-03T23:19:48.327733Z,price_change,0.29000000000000004,SELL,-32,0.27,0.29
2026-01-03T23:19:49.086614Z,price_change,0.29000000000000004,SELL,-17,0.27,0.29
2026-01-03T23:19:50.206947Z,price_change,0.29000000000000004,SELL,-6,0.27,0.29
2026-01-03T23:19:50.759224Z,price_change,0.24,BUY,364,0.27,0.29
2026-01-03T23:19:50.760807Z,price_change,0.17,BUY,364,0.27,0.29
2026-01-03T23:19:50.762332Z,price_change,0.36,SELL,364,0.27,0.29
2026-01-03T23:19:50.763906Z,price_change,0.5,SELL,364,0.27,0.29
2026-01-03T23:19:51.30423Z,price_change,0.29000000000000004,SELL,17,0.27,0.29
2026-01-03T23:19:51.422219Z,price_change,0.29000000000000004,SELL,-17,0.27,0.29
2026-01-03T23:19:51.463843Z,price_change,0.29000000000000004,SELL,17,0.27,0.29
2026-01-03T23:19:51.515641Z,price_change,0.29000000000000004,SELL,28,0.27,0.29
2026-01-03T23:19:51.556363Z,price_change,0.29000000000000004,SELL,-17,0.27,0.29
2026-01-03T23:19:51.608815Z,price_change,0.29000000000000004,SELL,-28,0.27,0.29
2026-01-03T23:19:51.649492Z,price_change,0.29000000000000004,SELL,28,0.27,0.29
2026-01-03T23:19:51.696935Z,price_change,0.29000000000000004,SELL,17,0.27,0.29
2026-01-03T23:19:51.790935Z,price_change,0.29000000000000004,SELL,-17,0.27,0.29
2026-01-03T23:19:51.883224Z,price_change,0.29000000000000004,SELL,28,0.27,0.29
2026-01-03T23:19:53.001352Z,price_change,0.36,SELL,-364,0.27,0.29
2026-01-03T23:19:53.001352Z,price_change,0.5,SELL,-364,0.27,0.29
2026-01-03T23:19:53.001352Z,price_change,0.24,BUY,-364,0.27,0.29
2026-01-03T23:19:53.001352Z,price_change,0.17,BUY,-364,0.27,0.29
2026-01-03T23:19:53.481461Z,price_change,0.27,BUY,-100,0.27,0.29
2026-01-03T23:19:53.667455Z,price_change,0.29000000000000004,SELL,-235,0.27,0.29
2026-01-03T23:19:55.085876Z,price_change,0.29000000000000004,SELL,-28,0.27,0.29
2026-01-03T23:19:55.09129Z,price_change,0.29000000000000004,SELL,-28,0.27,0.29
2026-01-03T23:19:55.335004Z,price_change,0.29000000000000004,SELL,11,0.27,0.29
2026-01-03T23:19:55.471287Z,price_change,0.29000000000000004,SELL,11,0.27,0.29
2026-01-03T23:19:56.064746Z,price_change,0.29000000000000004,SELL,-11,0.27,0.29
2026-01-03T23:19:56.065948Z,price_change,0.29000000000000004,SELL,-11,0.27,0.29
2026-01-03T23:19:56.154796Z,price_change,0.29000000000000004,SELL,1,0.27,0.29
2026-01-03T23:19:56.157701Z,price_change,0.29000000000000004,SELL,1,0.27,0.29
2026-01-03T23:19:56.247049Z,price_change,0.29000000000000004,SELL,-1,0.27,0.29
2026-01-03T23:19:58.003403Z,price_change,0.5700000000000001,SELL,-882,0.27,0.29
2026-01-03T23:19:58.264789Z,price_change,0.29000000000000004,SELL,-1,0.27,0.29
2026-01-03T23:19:58.803904Z,price_change,0.5700000000000001,SELL,1017,0.27,0.29
2026-01-03T23:20:01.000651Z,price_change,0.76,SELL,-1874,0.27,0.29
2026-01-03T23:20:04.843951Z,price_change,0.27,BUY,20,0.27,0.29
2026-01-03T23:20:05.756697Z,price_change,0.29000000000000004,SELL,-100,0.27,0.29
2026-01-03T23:20:07.083921Z,price_change,0.24,BUY,364,0.27,0.29
2026-01-03T23:20:07.085244Z,price_change,0.17,BUY,364,0.27,0.29
2026-01-03T23:20:07.086787Z,price_change,0.36,SELL,364,0.27,0.29
2026-01-03T23:20:07.08837Z,price_change,0.5,SELL,364,0.27,0.29
2026-01-03T23:20:10.000148Z,price_change,0.5,SELL,-364,0.27,0.29
2026-01-03T23:20:10.000148Z,price_change,0.17,BUY,-364,0.27,0.29
2026-01-03T23:20:10.000148Z,price_change,0.24,BUY,-364,0.27,0.29
2026-01-03T23:20:10.000148Z,price_change,0.36,SELL,-364,0.27,0.29
2026-01-03T23:20:10.158685Z,price_change,0.29000000000000004,SELL,-200,0.27,0.29
2026-01-03T23:20:10.206617Z,price_change,0.29000000000000004,SELL,-13,0.27,0.29
2026-01-03T23:20:10.502557Z,price_change,0.27,BUY,20,0.27,0.29
2026-01-03T23:20:11.858075Z,price_change,0.29000000000000004,SELL,-1,0.27,0.29
2026-01-03T23:20:11.858075Z,price_change,0.30000000000000004,SELL,1,0.27,0.29
2026-01-03T23:20:12.003537Z,price_change,0.71,SELL,-1502,0.27,0.29
2026-01-03T23:20:12.204849Z,price_change,0.30000000000000004,SELL,-1,0.27,0.29
2026-01-03T23:20:12.204849Z,price_change,0.29000000000000004,SELL,1,0.27,0.29
2026-01-03T23:20:13.758558Z,price_change,0.76,SELL,1855,0.27,0.29
2026-01-03T23:20:14.141129Z,price_change,0.27,BUY,-20,0.27,0.29
2026-01-03T23:20:14.144014Z,price_change,0.27,BUY,-20,0.27,0.29
2026-01-03T23:20:14.23235Z,price_change,0.27,BUY,10,0.27,0.29
2026-01-03T23:20:14.388483Z,price_change,0.27,BUY,10,0.27,0.29
2026-01-03T23:20:14.492152Z,price_change,0.27,BUY,-10,0.27,0.29
2026-01-03T23:20:14.546213Z,price_change,0.27,BUY,-11186,0.27,0.29
2026-01-03T23:20:14.547192Z,price_change,0.31000000000000005,SELL,-11186,0.27,0.29
2026-01-03T23:20:14.547592Z,price_change,0.29000000000000004,SELL,-11186,0.27,0.29
2026-01-03T23:20:14.547748Z,price_change,0.31000000000000005,SELL,-11186,0.27,0.29
2026-01-03T23:20:14.548448Z,price_change,0.30000000000000004,SELL,-860,0.27,0.29
2026-01-03T23:20:14.549487Z,price_change,0.6,SELL,-21513,0.27,0.29
2026-01-03T23:20:14.564835Z,price_change,0.27,BUY,-860,0.27,0.29
2026-01-03T23:20:14.653732Z,price_change,0.27,BUY,-10,0.27,0.29
2026-01-03T23:20:14.737713Z,price_change,0.27,BUY,100,0.27,0.29
2026-01-03T23:20:14.747533Z,price_change,0.27,BUY,100,0.27,0.29
2026-01-03T23:20:15.031225Z,price_change,0.5900000000000001,SELL,-652,0.27,0.29
2026-01-03T23:20:15.123041Z,price_change,0.71,SELL,1510,0.27,0.29
2026-01-03T23:20:15.163834Z,price_change,0.29000000000000004,SELL,-177,0.27,0.29
2026-01-03T23:20:15.265509Z,price_change,0.31999999999999995,SELL,-1188,0.27,0.29
2026-01-03T23:20:15.27637Z,price_change,0.29000000000000004,SELL,-164,0.27,0.29
2026-01-03T23:20:15.295716Z,price_change,0.6,SELL,21513,0.27,0.29
2026-01-03T23:20:15.296002Z,price_change,0.29000000000000004,SELL,11186,0.27,0.29
2026-01-03T23:20:15.296559Z,price_change,0.31000000000000005,SELL,11186,0.27,0.29
2026-01-03T23:20:15.296983Z,price_change,0.27,BUY,860,0.27,0.29
2026-01-03T23:20:15.297177Z,price_change,0.31000000000000005,SELL,11186,0.27,0.29
2026-01-03T23:20:15.299038Z,price_change,0.30000000000000004,SELL,860,0.27,0.29
2026-01-03T23:20:15.726442Z,price_change,0.26,BUY,-100,0.27,0.29
2026-01-03T23:20:15.726442Z,price_change,0.25,BUY,100,0.27,0.29
2026-01-03T23:20:16.226321Z,price_change,0.31999999999999995,SELL,1188,0.27,0.29
2026-01-03T23:20:16.313455Z,price_change,0.6,SELL,-21513,0.27,0.29
2026-01-03T23:20:16.374982Z,price_change,0.5900000000000001,SELL,21513,0.27,0.29
2026-01-03T23:20:17.000951Z,price_change,0.6599999999999999,SELL,-1410,0.27,0.29
2026-01-03T23:20:17.889895Z,price_change,0.31999999999999995,SELL,-1188,0.27,0.29
2026-01-03T23:20:18.211667Z,price_change,0.6599999999999999,SELL,1889,0.27,0.29
2026-01-03T23:20:19.09356Z,price_change,0.25,BUY,-100,0.27,0.29
2026-01-03T23:20:19.09356Z,price_change,0.26,BUY,100,0.27,0.29
2026-01-03T23:20:21.30356Z,price_change,0.29000000000000004,SELL,-322,0.27,0.29
2026-01-03T23:20:23.001275Z,price_change,0.53,SELL,-323,0.27,0.29
2026-01-03T23:20:23.039404Z,price_change,0.52,SELL,-3442,0.27,0.29
2026-01-03T23:20:23.079703Z,price_change,0.53,SELL,3442,0.27,0.29
2026-01-03T23:20:23.451811Z,price_change,0.24,BUY,364,0.27,0.29
2026-01-03T23:20:23.455229Z,price_change,0.17,BUY,364,0.27,0.29
2026-01-03T23:20:23.457033Z,price_change,0.36,SELL,364,0.27,0.29
2026-01-03T23:20:23.458921Z,price_change,0.5,SELL,364,0.27,0.29
2026-01-03T23:20:23.531949Z,price_change,0.51,SELL,-133,0.27,0.29
2026-01-03T23:20:23.625377Z,price_change,0.52,SELL,380,0.27,0.29
2026-01-03T23:20:23.665121Z,price_change,0.53,SELL,-3442,0.27,0.29
2026-01-03T23:20:23.698069Z,price_change,0.51,SELL,3442,0.27,0.29
2026-01-03T23:20:24.248749Z,price_change,0.29000000000000004,SELL,-10,0.27,0.29
2026-01-03T23:20:24.283301Z,price_change,0.31999999999999995,SELL,1188,0.27,0.29
2026-01-03T23:20:24.438773Z,price_change,0.29000000000000004,SELL,-16,0.27,0.29
2026-01-03T23:20:24.677562Z,price_change,0.29000000000000004,SELL,-177,0.27,0.29
2026-01-03T23:20:25.26605Z,price_change,0.52,SELL,-302,0.27,0.29
2026-01-03T23:20:25.301733Z,price_change,0.51,SELL,-3442,0.27,0.29
2026-01-03T23:20:25.336787Z,price_change,0.53,SELL,3442,0.27,0.29
2026-01-03T23:20:25.437003Z,price_change,0.53,SELL,369,0.27,0.29
2026-01-03T23:20:25.474959Z,price_change,0.53,SELL,-3442,0.27,0.29
2026-01-03T23:20:25.50894Z,price_change,0.52,SELL,3442,0.27,0.29
2026-01-03T23:20:26.000624Z,price_change,0.17,BUY,-364,0.27,0.29
2026-01-03T23:20:26.000624Z,price_change,0.5,SELL,-364,0.27,0.29
2026-01-03T23:20:26.000624Z,price_change,0.36,SELL,-364,0.27,0.29
2026-01-03T23:20:26.000624Z,price_change,0.24,BUY,-364,0.27,0.29
2026-01-03T23:20:26.353451Z,price_change,0.5900000000000001,SELL,-21513,0.27,0.29
2026-01-03T23:20:26.383951Z,price_change,0.6,SELL,21513,0.27,0.29
2026-01-03T23:20:28.034009Z,price_change,0.27,BUY,7200,0.27,0.29
2026-01-03T23:20:28.180389Z,price_change,0.26,BUY,-7200,0.27,0.29
2026-01-03T23:20:28.330563Z,price_change,0.31999999999999995,SELL,16800,0.27,0.29
2026-01-03T23:20:28.475458Z,price_change,0.31000000000000005,SELL,-16800,0.27,0.29
2026-01-03T23:20:29.093301Z,price_change,0.52,SELL,-78,0.27,0.29
2026-01-03T23:20:29.193627Z,price_change,0.51,SELL,156,0.27,0.29
2026-01-03T23:20:29.577611Z,price_change,0.30000000000000004,SELL,4286,0.27,0.29
2026-01-03T23:20:29.579655Z,price_change,0.31000000000000005,SELL,-4348,0.27,0.29
2026-01-03T23:20:30.249336Z,price_change,0.27,BUY,-2,0.27,0.29
2026-01-03T23:20:30.71749Z,price_change,0.29000000000000004,SELL,-32,0.27,0.29
2026-01-03T23:20:31.278528Z,price_change,0.53,SELL,-260,0.27,0.29
2026-01-03T23:20:31.332004Z,price_change,0.52,SELL,-3442,0.27,0.29
2026-01-03T23:20:31.379173Z,price_change,0.51,SELL,182,0.27,0.29
2026-01-03T23:20:31.396662Z,price_change,0.53,SELL,3442,0.27,0.29
2026-01-03T23:20:32.080519Z,price_change,0.51,SELL,-156,0.27,0.29
2026-01-03T23:20:32.081678Z,price_change,0.51,SELL,-182,0.27,0.29
2026-01-03T23:20:32.177113Z,price_change,0.53,SELL,338,0.27,0.29
2026-01-03T23:20:32.182765Z,price_change,0.5900000000000001,SELL,625,0.27,0.29
2026-01-03T23:20:32.228306Z,price_change,0.53,SELL,-3442,0.27,0.29
2026-01-03T23:20:32.264517Z,price_change,0.52,SELL,3442,0.27,0.29
2026-01-03T23:20:33.698453Z,price_change,0.29000000000000004,SELL,-6,0.27,0.29
2026-01-03T23:20:35.349877Z,price_change,0.52,SELL,78,0.27,0.29
2026-01-03T23:20:36.630108Z,price_change,0.27,BUY,-100,0.27,0.29
2026-01-03T23:20:37.163473Z,price_change,0.53,SELL,-338,0.27,0.29
2026-01-03T23:20:37.164336Z,price_change,0.52,SELL,-78,0.27,0.29
2026-01-03T23:20:37.211297Z,price_change,0.52,SELL,-3442,0.27,0.29
2026-01-03T23:20:37.244755Z,price_change,0.53,SELL,3442,0.27,0.29
2026-01-03T23:20:37.354336Z,price_change,0.53,SELL,-3,0.27,0.29
2026-01-03T23:20:37.497806Z,price_change,0.51,SELL,341,0.27,0.29
2026-01-03T23:20:37.900307Z,price_change,0.27,BUY,100,0.27,0.29
2026-01-03T23:20:38.160206Z,price_change,0.51,SELL,-341,0.27,0.29
2026-01-03T23:20:38.447695Z,price_change,0.54,SELL,406,0.27,0.29
2026-01-03T23:20:39.273782Z,price_change,0.27,BUY,-100,0.27,0.29
2026-01-03T23:20:39.820583Z,price_change,0.29000000000000004,SELL,25000,0.27,0.29
2026-01-03T23:20:39.849402Z,price_change,0.24,BUY,364,0.27,0.29
2026-01-03T23:20:39.850942Z,price_change,0.17,BUY,364,0.27,0.29
2026-01-03T23:20:39.852481Z,price_change,0.36,SELL,364,0.27,0.29
2026-01-03T23:20:39.854001Z,price_change,0.5,SELL,364,0.27,0.29
2026-01-03T23:20:39.917504Z,price_change,0.27,BUY,100,0.27,0.29
2026-01-03T23:20:42.00078Z,price_change,0.36,SELL,-364,0.27,0.29
2026-01-03T23:20:42.00078Z,price_change,0.24,BUY,-364,0.27,0.29
2026-01-03T23:20:42.00078Z,price_change,0.17,BUY,-364,0.27,0.29
2026-01-03T23:20:42.00078Z,price_change,0.5,SELL,-364,0.27,0.29
2026-01-03T23:20:42.063446Z,price_change,0.6,SELL,-21513,0.27,0.29
2026-01-03T23:20:42.105307Z,price_change,0.5900000000000001,SELL,21513,0.27,0.29
2026-01-03T23:20:43.660259Z,price_change,0.5900000000000001,SELL,-625,0.27,0.29
2026-01-03T23:20:43.747178Z,price_change,0.54,SELL,-406,0.27,0.29
2026-01-03T23:20:43.748736Z,price_change,0.53,SELL,-106,0.27,0.29
2026-01-03T23:20:43.95711Z,price_change,0.52,SELL,547,0.27,0.29
2026-01-03T23:20:44.004262Z,price_change,0.53,SELL,-3442,0.27,0.29
2026-01-03T23:20:44.04195Z,price_change,0.51,SELL,3442,0.27,0.29
2026-01-03T23:20:44.721266Z,price_change,0.27,BUY,-1,0.27,0.29
2026-01-03T23:20:44.904578Z,price_change,0.27,BUY,-100,0.27,0.29
2026-01-03T23:20:45.003858Z,price_change,0.27,BUY,100,0.27,0.29
2026-01-03T23:20:45.243313Z,price_change,0.52,SELL,-547,0.27,0.29
2026-01-03T23:20:45.375268Z,price_change,0.51,SELL,-3442,0.27,0.29
2026-01-03T23:20:45.409317Z,price_change,0.53,SELL,3442,0.27,0.29
2026-01-03T23:20:45.437815Z,price_change,0.5,SELL,86,0.27,0.29
2026-01-03T23:20:45.440667Z,price_change,0.55,SELL,389,0.27,0.29
2026-01-03T23:20:46.232195Z,price_change,0.5,SELL,-86,0.27,0.29
2026-01-03T23:20:48.08135Z,price_change,0.27,BUY,-100,0.27,0.29
2026-01-03T23:20:48.179036Z,price_change,0.27,BUY,100,0.27,0.29
2026-01-03T23:20:49.001393Z,price_change,0.5700000000000001,SELL,-1017,0.27,0.29
2026-01-03T23:20:49.171385Z,price_change,0.29000000000000004,SELL,-10,0.27,0.29
2026-01-03T23:20:49.343738Z,price_change,0.55,SELL,-389,0.27,0.29
2026-01-03T23:20:49.42134Z,price_change,0.29000000000000004,SELL,-32,0.27,0.29
2026-01-03T23:20:49.543636Z,price_change,0.53,SELL,447,0.27,0.29
2026-01-03T23:20:49.549295Z,price_change,0.5700000000000001,SELL,1025,0.27,0.29
2026-01-03T23:20:49.587593Z,price_change,0.53,SELL,-3442,0.27,0.29
2026-01-03T23:20:49.628083Z,price_change,0.52,SELL,3442,0.27,0.29
2026-01-03T23:20:49.712195Z,price_change,0.27,BUY,-28,0.27,0.29
2026-01-03T23:20:50.439673Z,price_change,0.51,SELL,133,0.27,0.29
2026-01-03T23:20:51.07998Z,price_change,0.27,BUY,-100,0.27,0.29
2026-01-03T23:20:51.180309Z,price_change,0.27,BUY,100,0.27,0.29
2026-01-03T23:20:52.534065Z,price_change,0.29000000000000004,SELL,-1,0.27,0.29
2026-01-03T23:20:52.664708Z,price_change,0.29000000000000004,SELL,-3,0.27,0.29
2026-01-03T23:20:52.837061Z,price_change,0.29000000000000004,SELL,-6,0.27,0.29
2026-01-03T23:20:53.572078Z,price_change,0.29000000000000004,SELL,-64,0.27,0.29
2026-01-03T23:20:56.297423Z,price_change,0.24,BUY,364,0.27,0.29
2026-01-03T23:20:56.298551Z,price_change,0.17,BUY,364,0.27,0.29
2026-01-03T23:20:56.299717Z,price_change,0.36,SELL,364,0.27,0.29
2026-01-03T23:20:56.300588Z,price_change,0.5,SELL,364,0.27,0.29
2026-01-03T23:20:56.470123Z,price_change,0.29000000000000004,SELL,-25000,0.27,0.29
2026-01-03T23:20:58.910135Z,price_change,0.5900000000000001,SELL,-21513,0.27,0.29
2026-01-03T23:20:58.943209Z,price_change,0.6,SELL,21513,0.27,0.29
2026-01-03T23:20:59.000485Z,price_change,0.17,BUY,-364,0.27,0.29
2026-01-03T23:20:59.000485Z,price_change,0.24,BUY,-364,0.27,0.29
2026-01-03T23:20:59.000485Z,price_change,0.5,SELL,-364,0.27,0.29
2026-01-03T23:20:59.000485Z,price_change,0.36,SELL,-364,0.27,0.29
2026-01-03T23:21:01.284246Z,price_change,0.29000000000000004,SELL,-6,0.27,0.29
2026-01-03T23:21:02.575166Z,price_change,0.27,BUY,-100,0.27,0.29
2026-01-03T23:21:04.601209Z,price_change,0.29000000000000004,SELL,-65,0.27,0.29
2026-01-03T23:21:05.146878Z,price_change,0.27,BUY,100,0.27,0.29
2026-01-03T23:21:08.236869Z,price_change,0.29000000000000004,SELL,-1,0.27,0.29
2026-01-03T23:21:08.236869Z,price_change,0.30000000000000004,SELL,1,0.27,0.29
2026-01-03T23:21:08.549294Z,price_change,0.30000000000000004,SELL,-1,0.27,0.29
2026-01-03T23:21:08.549294Z,price_change,0.29000000000000004,SELL,1,0.27,0.29
2026-01-03T23:21:08.964474Z,price_change,0.29000000000000004,SELL,-645,0.27,0.29
2026-01-03T23:21:09.557628Z,price_change,0.29000000000000004,SELL,-290,0.27,0.29
2026-01-03T23:21:10.000695Z,price_change,0.6599999999999999,SELL,-1889,0.27,0.29
2026-01-03T23:21:11.424887Z,price_change,0.6599999999999999,SELL,1788,0.27,0.29
2026-01-03T23:21:12.275514Z,price_change,0.27,BUY,-100,0.27,0.29
2026-01-03T23:21:12.724214Z,price_change,0.24,BUY,364,0.27,0.29
2026-01-03T23:21:12.725138Z,price_change,0.17,BUY,364,0.27,0.29
2026-01-03T23:21:12.725876Z,price_change,0.36,SELL,364,0.27,0.29
2026-01-03T23:21:12.726731Z,price_change,0.5,SELL,364,0.27,0.29
2026-01-03T23:21:13.000053Z,price_change,0.76,SELL,-1855,0.27,0.29
2026-01-03T23:21:13.366354Z,price_change,0.29000000000000004,SELL,-9,0.27,0.29
2026-01-03T23:21:13.627929Z,price_change,0.27,BUY,100,0.27,0.29
2026-01-03T23:21:14.001619Z,price_change,0.71,SELL,-1510,0.27,0.29
2026-01-03T23:21:14.130773Z,price_change,0.88,SELL,2030,0.27,0.29
2026-01-03T23:21:15.000104Z,price_change,0.17,BUY,-364,0.27,0.29
2026-01-03T23:21:15.000104Z,price_change,0.24,BUY,-364,0.27,0.29
2026-01-03T23:21:15.000104Z,price_change,0.5,SELL,-364,0.27,0.29
2026-01-03T23:21:15.000104Z,price_change,0.36,SELL,-364,0.27,0.29
2026-01-03T23:21:15.106111Z,price_change,0.27,BUY,-100,0.27,0.29
2026-01-03T23:21:15.220456Z,price_change,0.27,BUY,100,0.27,0.29
2026-01-03T23:21:15.565459Z,price_change,0.76,SELL,2090,0.27,0.29
2026-01-03T23:21:17.488559Z,price_change,0.29000000000000004,SELL,-9,0.27,0.29
2026-01-03T23:21:18.220034Z,price_change,0.29000000000000004,SELL,-500,0.27,0.29
2026-01-03T23:21:19.248808Z,price_change,0.29000000000000004,SELL,-62,0.27,0.29
2026-01-03T23:21:20.031045Z,price_change,0.29000000000000004,SELL,-164,0.27,0.29
2026-01-03T23:21:21.314473Z,price_change,0.29000000000000004,SELL,-131,0.27,0.29
2026-01-03T23:21:23.758102Z,price_change,0.28,BUY,500,0.28,0.29
2026-01-03T23:21:23.886013Z,price_change,0.27,BUY,-100,0.28,0.29
2026-01-03T23:21:23.929681Z,price_change,0.29000000000000004,SELL,-1,0.28,0.29
2026-01-03T23:21:23.929681Z,price_change,0.30000000000000004,SELL,1,0.28,0.29
2026-01-03T23:21:24.042053Z,price_change,0.27,BUY,-100,0.28,0.29
2026-01-03T23:21:24.118619Z,price_change,0.29000000000000004,SELL,-20,0.28,0.29
2026-01-03T23:21:24.118813Z,price_change,0.29000000000000004,SELL,-1,0.28,0.29
2026-01-03T23:21:24.118813Z,price_change,0.30000000000000004,SELL,1,0.28,0.29
2026-01-03T23:21:24.409259Z,price_change,0.51,SELL,-133,0.28,0.29
2026-01-03T23:21:24.503293Z,price_change,0.52,SELL,78,0.28,0.29
2026-01-03T23:21:26.731816Z,price_change,0.26,BUY,-5,0.28,0.29
2026-01-03T23:21:29.221847Z,price_change,0.25,BUY,364,0.28,0.29
2026-01-03T23:21:29.222813Z,price_change,0.17,BUY,364,0.28,0.29
2026-01-03T23:21:29.223657Z,price_change,0.36,SELL,364,0.28,0.29
2026-01-03T23:21:29.224638Z,price_change,0.5,SELL,364,0.28,0.29
2026-01-03T23:21:29.705753Z,price_change,0.30000000000000004,SELL,-4286,0.28,0.29
2026-01-03T23:21:29.720437Z,price_change,0.31000000000000005,SELL,4348,0.28,0.29
2026-01-03T23:21:29.832929Z,price_change,0.29000000000000004,SELL,-105,0.28,0.29
2026-01-03T23:21:30.074882Z,price_change,0.29000000000000004,SELL,-35,0.28,0.29
2026-01-03T23:21:30.500249Z,price_change,0.29000000000000004,SELL,-32,0.28,0.29
2026-01-03T23:21:32.000331Z,price_change,0.25,BUY,-364,0.28,0.29
2026-01-03T23:21:32.000331Z,price_change,0.36,SELL,-364,0.28,0.29
2026-01-03T23:21:32.000331Z,price_change,0.5,SELL,-364,0.28,0.29
2026-01-03T23:21:32.000331Z,price_change,0.17,BUY,-364,0.28,0.29
2026-01-03T23:21:40.000293Z,price_change,0.5700000000000001,SELL,-1025,0.28,0.29
2026-01-03T23:21:40.704135Z,price_change,0.5700000000000001,SELL,756,0.28,0.29
2026-01-03T23:21:40.813964Z,price_change,0.26,BUY,7200,0.28,0.29
2026-01-03T23:21:40.991232Z,price_change,0.27,BUY,-7200,0.28,0.29
2026-01-03T23:21:41.169498Z,price_change,0.31000000000000005,SELL,16800,0.28,0.29
2026-01-03T23:21:41.349858Z,price_change,0.31999999999999995,SELL,-16800,0.28,0.29
2026-01-03T23:21:44.930746Z,price_change,0.29000000000000004,SELL,-245,0.28,0.29
2026-01-03T23:21:45.474959Z,price_change,0.29000000000000004,SELL,-96,0.28,0.29
2026-01-03T23:21:45.593933Z,price_change,0.25,BUY,364,0.28,0.29
2026-01-03T23:21:45.595281Z,price_change,0.17,BUY,364,0.28,0.29
2026-01-03T23:21:45.596369Z,price_change,0.36,SELL,364,0.28,0.29
2026-01-03T23:21:45.597204Z,price_change,0.5,SELL,364,0.28,0.29
2026-01-03T23:21:47.514261Z,price_change,0.29000000000000004,SELL,-12,0.28,0.29
2026-01-03T23:21:48.000534Z,price_change,0.17,BUY,-364,0.28,0.29
2026-01-03T23:21:48.000534Z,price_change,0.25,BUY,-364,0.28,0.29
2026-01-03T23:21:48.000534Z,price_change,0.36,SELL,-364,0.28,0.29
2026-01-03T23:21:48.000534Z,price_change,0.5,SELL,-364,0.28,0.29
2026-01-03T23:21:48.308306Z,price_change,0.28,BUY,-16,0.28,0.29
2026-01-03T23:21:49.000868Z,price_change,0.53,SELL,-447,0.28,0.29
2026-01-03T23:21:49.041968Z,price_change,0.52,SELL,-3442,0.28,0.29
2026-01-03T23:21:49.078159Z,price_change,0.53,SELL,3442,0.28,0.29
2026-01-03T23:21:50.707426Z,price_change,0.52,SELL,96,0.28,0.29
2026-01-03T23:21:50.709217Z,price_change,0.53,SELL,225,0.28,0.29
2026-01-03T23:21:50.77247Z,price_change,0.53,SELL,-3442,0.28,0.29
2026-01-03T23:21:50.807101Z,price_change,0.52,SELL,3442,0.28,0.29
2026-01-03T23:21:51.030553Z,price_change,0.29000000000000004,SELL,-66,0.28,0.29
2026-01-03T23:21:51.309409Z,price_change,0.29000000000000004,SELL,-120,0.28,0.29
2026-01-03T23:21:51.339374Z,price_change,0.29000000000000004,SELL,-1,0.28,0.29
2026-01-03T23:21:51.529811Z,price_change,0.52,SELL,-96,0.28,0.29
2026-01-03T23:21:51.716674Z,price_change,0.54,SELL,209,0.28,0.29
2026-01-03T23:21:51.724058Z,price_change,0.65,SELL,519,0.28,0.29
2026-01-03T23:21:52.483239Z,price_change,0.29000000000000004,SELL,-645,0.28,0.29
2026-01-03T23:21:59.921689Z,price_change,0.29000000000000004,SELL,-1,0.28,0.29
2026-01-03T23:22:00.83093Z,price_change,0.29000000000000004,SELL,-6,0.28,0.29
2026-01-03T23:22:01.25318Z,price_change,0.29000000000000004,SELL,3000,0.28,0.29
2026-01-03T23:22:01.653369Z,price_change,0.28,BUY,-208,0.28,0.29
2026-01-03T23:22:01.913052Z,price_change,0.25,BUY,364,0.28,0.29
2026-01-03T23:22:01.913965Z,price_change,0.17,BUY,364,0.28,0.29
2026-01-03T23:22:01.914809Z,price_change,0.36,SELL,364,0.28,0.29
2026-01-03T23:22:01.91591Z,price_change,0.5,SELL,364,0.28,0.29
2026-01-03T23:22:04.003147Z,price_change,0.25,BUY,-364,0.28,0.29
2026-01-03T23:22:04.003147Z,price_change,0.17,BUY,-364,0.28,0.29
2026-01-03T23:22:04.003147Z,price_change,0.36,SELL,-364,0.28,0.29
2026-01-03T23:22:04.003147Z,price_change,0.5,SELL,-364,0.28,0.29
2026-01-03T23:22:10.001585Z,price_change,0.6599999999999999,SELL,-1788,0.28,0.29
2026-01-03T23:22:10.150572Z,price_change,0.28,BUY,-243,0.28,0.29
2026-01-03T23:22:10.789848Z,price_change,0.6599999999999999,SELL,1407,0.28,0.29
2026-01-03T23:22:12.000143Z,price_change,0.88,SELL,-2030,0.28,0.29
2026-01-03T23:22:15.000593Z,price_change,0.76,SELL,-2090,0.28,0.29
2026-01-03T23:22:15.717227Z,price_change,0.76,SELL,2043,0.28,0.29
2026-01-03T23:22:16.51901Z,price_change,0.29000000000000004,SELL,-100,0.28,0.29
2026-01-03T23:22:18.267901Z,price_change,0.25,BUY,364,0.28,0.29
2026-01-03T23:22:18.268665Z,price_change,0.17,BUY,364,0.28,0.29
2026-01-03T23:22:18.269689Z,price_change,0.36,SELL,364,0.28,0.29
2026-01-03T23:22:18.270757Z,price_change,0.5,SELL,364,0.28,0.29
2026-01-03T23:22:18.495449Z,price_change,0.29000000000000004,SELL,-100,0.28,0.29
2026-01-03T23:22:20.000551Z,price_change,0.52,SELL,-78,0.28,0.29
2026-01-03T23:22:20.600283Z,price_change,0.29000000000000004,SELL,-483,0.28,0.29
2026-01-03T23:22:20.920112Z,price_change,0.52,SELL,78,0.28,0.29
2026-01-03T23:22:21.00096Z,price_change,0.17,BUY,-364,0.28,0.29
2026-01-03T23:22:21.00096Z,price_change,0.36,SELL,-364,0.28,0.29
2026-01-03T23:22:21.00096Z,price_change,0.25,BUY,-364,0.28,0.29
2026-01-03T23:22:21.00096Z,price_change,0.5,SELL,-364,0.28,0.29
2026-01-03T23:22:21.60866Z,price_change,0.29000000000000004,SELL,-6,0.28,0.29
2026-01-03T23:22:29.604785Z,price_change,0.29000000000000004,SELL,-100,0.28,0.29
2026-01-03T23:22:31.264093Z,price_change,0.29000000000000004,SELL,-200,0.28,0.29
2026-01-03T23:22:32.570219Z,price_change,0.28,BUY,500,0.28,0.29
2026-01-03T23:22:34.68869Z,price_change,0.25,BUY,364,0.28,0.29
2026-01-03T23:22:34.690069Z,price_change,0.17,BUY,364,0.28,0.29
2026-01-03T23:22:34.691657Z,price_change,0.36,SELL,364,0.28,0.29
2026-01-03T23:22:34.695291Z,price_change,0.5,SELL,364,0.28,0.29
2026-01-03T23:22:34.955676Z,price_change,0.29000000000000004,SELL,-3,0.28,0.29
2026-01-03T23:22:36.000581Z,price_change,0.5700000000000001,SELL,-756,0.28,0.29
2026-01-03T23:22:37.000186Z,price_change,0.36,SELL,-364,0.28,0.29
2026-01-03T23:22:37.000186Z,price_change,0.17,BUY,-364,0.28,0.29
2026-01-03T23:22:37.000186Z,price_change,0.25,BUY,-364,0.28,0.29
2026-01-03T23:22:37.000186Z,price_change,0.5,SELL,-364,0.28,0.29
2026-01-03T23:22:38.103134Z,price_change,0.29000000000000004,SELL,-22,0.28,0.29
2026-01-03T23:22:39.064629Z,price_change,0.5700000000000001,SELL,771,0.28,0.29
2026-01-03T23:22:39.608575Z,price_change,0.29000000000000004,SELL,-50,0.28,0.29
2026-01-03T23:22:40.278129Z,price_change,0.29000000000000004,SELL,-9,0.28,0.29
2026-01-03T23:22:40.477668Z,price_change,0.29000000000000004,SELL,-3,0.28,0.29
2026-01-03T23:22:40.800203Z,price_change,0.29000000000000004,SELL,-322,0.28,0.29
2026-01-03T23:22:43.545597Z,price_change,0.31999999999999995,SELL,-1188,0.28,0.29
2026-01-03T23:22:43.923379Z,price_change,0.31999999999999995,SELL,1188,0.28,0.29
2026-01-03T23:22:43.961367Z,price_change,0.26,BUY,-100,0.28,0.29
2026-01-03T23:22:43.961367Z,price_change,0.25,BUY,100,0.28,0.29
2026-01-03T23:22:44.000274Z,price_change,0.65,SELL,-519,0.28,0.29
2026-01-03T23:22:45.21911Z,price_change,0.71,SELL,1528,0.28,0.29
2026-01-03T23:22:45.763192Z,price_change,0.29000000000000004,SELL,-5,0.28,0.29
2026-01-03T23:22:46.000699Z,price_change,0.53,SELL,-225,0.28,0.29
2026-01-03T23:22:46.099159Z,price_change,0.52,SELL,-3442,0.28,0.29
2026-01-03T23:22:46.18221Z,price_change,0.52,SELL,3442,0.28,0.29
2026-01-03T23:22:46.438401Z,price_change,0.25,BUY,-100,0.28,0.29
2026-01-03T23:22:46.438401Z,price_change,0.26,BUY,100,0.28,0.29
2026-01-03T23:22:46.617013Z,price_change,0.29000000000000004,SELL,-3285,0.28,0.29
2026-01-03T23:22:46.695886Z,price_change,0.52,SELL,105,0.28,0.29
2026-01-03T23:22:46.697239Z,price_change,0.53,SELL,224,0.28,0.29
2026-01-03T23:22:47.341373Z,price_change,0.29000000000000004,SELL,-500,0.28,0.29
2026-01-03T23:22:47.442198Z,price_change,0.29000000000000004,SELL,-3,0.28,0.29
2026-01-03T23:22:47.700816Z,price_change,0.52,SELL,-104,0.28,0.29
2026-01-03T23:22:47.984087Z,price_change,0.29000000000000004,SELL,-16,0.28,0.29
2026-01-03T23:22:50.000311Z,price_change,0.54,SELL,-209,0.28,0.29
2026-01-03T23:22:50.04369Z,price_change,0.26,BUY,-100,0.28,0.29
2026-01-03T23:22:50.04369Z,price_change,0.25,BUY,100,0.28,0.29
2026-01-03T23:22:51.00969Z,price_change,0.25,BUY,364,0.28,0.29
2026-01-03T23:22:51.011053Z,price_change,0.17,BUY,364,0.28,0.29
2026-01-03T23:22:51.012406Z,price_change,0.36,SELL,364,0.28,0.29
2026-01-03T23:22:51.013773Z,price_change,0.5,SELL,364,0.28,0.29
2026-01-03T23:22:51.562747Z,price_change,0.29000000000000004,SELL,-16,0.28,0.29
2026-01-03T23:22:51.915767Z,price_change,0.54,SELL,209,0.28,0.29
2026-01-03T23:22:53.002335Z,price_change,0.5,SELL,-364,0.28,0.29
2026-01-03T23:22:53.002335Z,price_change,0.25,BUY,-364,0.28,0.29
2026-01-03T23:22:53.002335Z,price_change,0.36,SELL,-364,0.28,0.29
2026-01-03T23:22:53.002335Z,price_change,0.17,BUY,-364,0.28,0.29
2026-01-03T23:22:53.041446Z,price_change,0.30000000000000004,SELL,-20,0.28,0.29
2026-01-03T23:22:53.041446Z,price_change,0.29000000000000004,SELL,20,0.28,0.29
2026-01-03T23:22:56.382739Z,price_change,0.29000000000000004,SELL,-39,0.28,0.29
2026-01-03T23:22:57.558639Z,price_change,0.29000000000000004,SELL,-1,0.28,0.29
2026-01-03T23:22:59.147111Z,price_change,0.29000000000000004,SELL,-16,0.28,0.29
2026-01-03T23:23:01.996233Z,price_change,0.29000000000000004,SELL,-50,0.28,0.29
2026-01-03T23:23:03.676703Z,price_change,0.29000000000000004,SELL,-6,0.28,0.29
2026-01-03T23:23:07.424369Z,price_change,0.25,BUY,364,0.28,0.29
2026-01-03T23:23:07.42583Z,price_change,0.17,BUY,364,0.28,0.29
2026-01-03T23:23:07.427189Z,price_change,0.36,SELL,364,0.28,0.29
2026-01-03T23:23:07.428718Z,price_change,0.5,SELL,364,0.28,0.29
2026-01-03T23:23:10.001106Z,price_change,0.5,SELL,-364,0.28,0.29
2026-01-03T23:23:10.001106Z,price_change,0.17,BUY,-364,0.28,0.29
2026-01-03T23:23:10.001106Z,price_change,0.25,BUY,-364,0.28,0.29
2026-01-03T23:23:10.001106Z,price_change,0.36,SELL,-364,0.28,0.29
2026-01-03T23:23:10.001106Z,price_change,0.6599999999999999,SELL,-1407,0.28,0.29
2026-01-03T23:23:10.56386Z,price_change,0.29000000000000004,SELL,-200,0.28,0.29
2026-01-03T23:23:11.122073Z,price_change,0.6599999999999999,SELL,1903,0.28,0.29
2026-01-03T23:23:12.000822Z,price_change,0.76,SELL,-2043,0.28,0.29
2026-01-03T23:23:12.948381Z,price_change,0.29000000000000004,SELL,-3,0.28,0.29
2026-01-03T23:23:13.143827Z,price_change,0.88,SELL,1909,0.28,0.29
2026-01-03T23:23:15.000939Z,price_change,0.52,SELL,-78,0.28,0.29
2026-01-03T23:23:15.167531Z,price_change,0.29000000000000004,SELL,-20,0.28,0.29
2026-01-03T23:23:15.167531Z,price_change,0.30000000000000004,SELL,20,0.28,0.29
2026-01-03T23:23:15.643756Z,price_change,0.52,SELL,77,0.28,0.29
2026-01-03T23:23:16.00141Z,price_change,0.29000000000000004,SELL,-80,0.28,0.29
2026-01-03T23:23:16.603954Z,price_change,0.31000000000000005,SELL,1188,0.28,0.29
2026-01-03T23:23:16.911428Z,price_change,0.31999999999999995,SELL,-1188,0.28,0.29
2026-01-03T23:23:17.610094Z,price_change,0.29000000000000004,SELL,-80,0.28,0.29
2026-01-03T23:23:18.003001Z,price_change,0.28,BUY,500,0.28,0.29
2026-01-03T23:23:19.670561Z,price_change,0.31000000000000005,SELL,-1188,0.28,0.29
2026-01-03T23:23:22.564485Z,price_change,0.29000000000000004,SELL,-16,0.28,0.29
2026-01-03T23:23:23.74201Z,price_change,0.25,BUY,364,0.28,0.29
2026-01-03T23:23:23.743487Z,price_change,0.17,BUY,364,0.28,0.29
2026-01-03T23:23:23.745356Z,price_change,0.36,SELL,364,0.28,0.29
2026-01-03T23:23:23.747177Z,price_change,0.5,SELL,364,0.28,0.29
2026-01-03T23:23:24.16931Z,price_change,0.29000000000000004,SELL,-19,0.28,0.29
2026-01-03T23:23:24.718655Z,price_change,0.31999999999999995,SELL,1188,0.28,0.29
2026-01-03T23:23:26.000105Z,price_change,0.17,BUY,-364,0.28,0.29
2026-01-03T23:23:26.000105Z,price_change,0.36,SELL,-364,0.28,0.29
2026-01-03T23:23:26.000105Z,price_change,0.5,SELL,-364,0.28,0.29
2026-01-03T23:23:26.000105Z,price_change,0.25,BUY,-364,0.28,0.29
2026-01-03T23:23:27.510061Z,price_change,0.29000000000000004,SELL,-50,0.28,0.29
2026-01-03T23:23:28.586595Z,price_change,0.29000000000000004,SELL,-25,0.28,0.29
2026-01-03T23:23:29.000439Z,price_change,0.5700000000000001,SELL,-771,0.28,0.29
2026-01-03T23:23:30.207907Z,price_change,0.5700000000000001,SELL,773,0.28,0.29
2026-01-03T23:23:31.644769Z,price_change,0.31999999999999995,SELL,-1188,0.28,0.29
2026-01-03T23:23:32.683948Z,price_change,0.29000000000000004,SELL,-3,0.28,0.29
2026-01-03T23:23:32.834962Z,price_change,0.31999999999999995,SELL,1188,0.28,0.29
2026-01-03T23:23:34.201302Z,price_change,0.29000000000000004,SELL,-250,0.28,0.29
2026-01-03T23:23:35.718454Z,price_change,0.29000000000000004,SELL,-16,0.28,0.29
2026-01-03T23:23:37.223643Z,price_change,0.29000000000000004,SELL,-180,0.28,0.29
2026-01-03T23:23:38.059545Z,price_change,0.29000000000000004,SELL,-4,0.28,0.29
2026-01-03T23:23:39.449986Z,price_change,0.29000000000000004,SELL,-35,0.28,0.29
2026-01-03T23:23:40.035236Z,price_change,0.25,BUY,364,0.28,0.29
2026-01-03T23:23:40.036955Z,price_change,0.17,BUY,364,0.28,0.29
2026-01-03T23:23:40.040784Z,price_change,0.36,SELL,364,0.28,0.29
2026-01-03T23:23:40.042735Z,price_change,0.5,SELL,364,0.28,0.29
2026-01-03T23:23:41.000165Z,price_change,0.54,SELL,-209,0.28,0.29
2026-01-03T23:23:41.000165Z,price_change,0.52,SELL,-1,0.28,0.29
2026-01-03T23:23:42.153232Z,price_change,0.54,SELL,211,0.28,0.29
2026-01-03T23:23:43.000054Z,price_change,0.71,SELL,-1528,0.28,0.29
2026-01-03T23:23:43.000054Z,price_change,0.53,SELL,-224,0.28,0.29
2026-01-03T23:23:43.000054Z,price_change,0.25,BUY,-364,0.28,0.29
2026-01-03T23:23:43.000054Z,price_change,0.36,SELL,-364,0.28,0.29
2026-01-03T23:23:43.000054Z,price_change,0.5,SELL,-364,0.28,0.29
2026-01-03T23:23:43.000054Z,price_change,0.17,BUY,-364,0.28,0.29
2026-01-03T23:23:43.037885Z,price_change,0.52,SELL,-3442,0.28,0.29
2026-01-03T23:23:43.073502Z,price_change,0.53,SELL,3442,0.28,0.29
2026-01-03T23:23:44.245048Z,price_change,0.52,SELL,118,0.28,0.29
2026-01-03T23:23:45.671425Z,price_change,0.53,SELL,222,0.28,0.29
2026-01-03T23:23:45.692204Z,price_change,0.76,SELL,1888,0.28,0.29
2026-01-03T23:23:45.717817Z,price_change,0.53,SELL,-3442,0.28,0.29
2026-01-03T23:23:45.750027Z,price_change,0.52,SELL,3442,0.28,0.29
2026-01-03T23:23:46.284316Z,price_change,0.52,SELL,-117,0.28,0.29
2026-01-03T23:23:51.370251Z,price_change,0.29000000000000004,SELL,-164,0.28,0.29
2026-01-03T23:23:52.05302Z,price_change,0.29000000000000004,SELL,-56,0.28,0.29
2026-01-03T23:23:53.535929Z,price_change,0.25,BUY,-194,0.28,0.29
2026-01-03T23:23:53.535929Z,price_change,0.27,BUY,194,0.28,0.29
2026-01-03T23:23:54.975586Z,price_change,0.29000000000000004,SELL,-4,0.28,0.29
2026-01-03T23:23:56.350901Z,price_change,0.25,BUY,364,0.28,0.29
2026-01-03T23:23:56.35288Z,price_change,0.17,BUY,364,0.28,0.29
2026-01-03T23:23:56.354474Z,price_change,0.36,SELL,364,0.28,0.29
2026-01-03T23:23:56.356098Z,price_change,0.5,SELL,364,0.28,0.29
2026-01-03T23:23:59.001687Z,price_change,0.36,SELL,-364,0.28,0.29
2026-01-03T23:23:59.001687Z,price_change,0.25,BUY,-364,0.28,0.29
2026-01-03T23:23:59.001687Z,price_change,0.17,BUY,-364,0.28,0.29
2026-01-03T23:23:59.001687Z,price_change,0.5,SELL,-364,0.28,0.29
2026-01-03T23:24:00.002429Z,price_change,0.26,BUY,-7200,0.28,0.29
2026-01-03T23:24:00.002429Z,price_change,0.31000000000000005,SELL,-16800,0.28,0.29
2026-01-03T23:24:00.190551Z,price_change,0.30000000000000004,SELL,-20,0.28,0.29
2026-01-03T23:24:00.190551Z,price_change,0.29000000000000004,SELL,20,0.28,0.29
2026-01-03T23:24:03.001112Z,price_change,0.6599999999999999,SELL,-1903,0.28,0.29
2026-01-03T23:24:03.613566Z,price_change,0.6599999999999999,SELL,1887,0.28,0.29
2026-01-03T23:24:05.000251Z,price_change,0.52,SELL,-77,0.28,0.29
2026-01-03T23:24:06.153135Z,price_change,0.52,SELL,77,0.28,0.29
2026-01-03T23:24:06.154733Z,price_change,0.53,SELL,121,0.28,0.29
2026-01-03T23:24:07.000676Z,price_change,0.88,SELL,-1909,0.28,0.29
2026-01-03T23:24:07.822724Z,price_change,0.4,SELL,29,0.28,0.29
2026-01-03T23:24:09.162773Z,price_change,0.29000000000000004,SELL,-50,0.28,0.29
2026-01-03T23:24:10.046947Z,price_change,0.29000000000000004,SELL,-65,0.28,0.29
2026-01-03T23:24:12.807667Z,price_change,0.25,BUY,364,0.28,0.29
2026-01-03T23:24:12.809133Z,price_change,0.17,BUY,364,0.28,0.29
2026-01-03T23:24:12.810129Z,price_change,0.36,SELL,364,0.28,0.29
2026-01-03T23:24:12.810812Z,price_change,0.5,SELL,364,0.28,0.29
2026-01-03T23:24:14.460136Z,price_change,0.28,BUY,-33,0.28,0.29
2026-01-03T23:24:14.460136Z,price_change,0.28,BUY,-67,0.28,0.29
2026-01-03T23:24:15.000175Z,price_change,0.5,SELL,-364,0.28,0.29
2026-01-03T23:24:15.000175Z,price_change,0.17,BUY,-364,0.28,0.29
2026-01-03T23:24:15.000175Z,price_change,0.36,SELL,-364,0.28,0.29
2026-01-03T23:24:15.000175Z,price_change,0.25,BUY,-364,0.28,0.29
2026-01-03T23:24:15.934095Z,price_change,0.21,BUY,-25,0.28,0.29
2026-01-03T23:24:17.520569Z,price_change,0.29000000000000004,SELL,-1000,0.28,0.29
2026-01-03T23:24:18.592083Z,price_change,0.29000000000000004,SELL,-50,0.28,0.29
2026-01-03T23:24:20.000216Z,price_change,0.5700000000000001,SELL,-773,0.28,0.29
2026-01-03T23:24:20.560127Z,price_change,0.5700000000000001,SELL,654,0.28,0.29
2026-01-03T23:24:22.528116Z,price_change,0.29000000000000004,SELL,-32,0.28,0.29
2026-01-03T23:24:26.583671Z,price_change,0.29000000000000004,SELL,2000,0.28,0.29
2026-01-03T23:24:29.025617Z,price_change,0.29000000000000004,SELL,-9,0.28,0.29
2026-01-03T23:24:29.194642Z,price_change,0.25,BUY,364,0.28,0.29
2026-01-03T23:24:29.195697Z,price_change,0.17,BUY,364,0.28,0.29
2026-01-03T23:24:29.196859Z,price_change,0.36,SELL,364,0.28,0.29
2026-01-03T23:24:29.197654Z,price_change,0.5,SELL,364,0.28,0.29
2026-01-03T23:24:29.199204Z,price_change,0.29000000000000004,SELL,-6,0.28,0.29
2026-01-03T23:24:31.000407Z,price_change,0.39,SELL,-300,0.28,0.29
2026-01-03T23:24:31.000407Z,price_change,0.43999999999999995,SELL,-317,0.28,0.29
2026-01-03T23:24:31.000407Z,price_change,0.19,BUY,-300,0.28,0.29
2026-01-03T23:24:31.000407Z,price_change,0.49,SELL,-1085,0.28,0.29
2026-01-03T23:24:31.000407Z,price_change,0.09,BUY,-1085,0.28,0.29
2026-01-03T23:24:31.000407Z,price_change,0.5900000000000001,SELL,-6948,0.28,0.29
2026-01-03T23:24:31.000407Z,price_change,0.14,BUY,-317,0.28,0.29
2026-01-03T23:24:32.00054Z,price_change,0.25,BUY,-364,0.28,0.29
2026-01-03T23:24:32.00054Z,price_change,0.17,BUY,-364,0.28,0.29
2026-01-03T23:24:32.00054Z,price_change,0.5,SELL,-364,0.28,0.29
2026-01-03T23:24:32.00054Z,price_change,0.36,SELL,-364,0.28,0.29
2026-01-03T23:24:32.226238Z,price_change,0.29000000000000004,SELL,-82,0.28,0.29
2026-01-03T23:24:35.002766Z,price_change,0.54,SELL,-211,0.28,0.29
2026-01-03T23:24:36.22418Z,price_change,0.5900000000000001,SELL,633,0.28,0.29
2026-01-03T23:24:40.000109Z,price_change,0.53,SELL,-222,0.28,0.29
2026-01-03T23:24:40.000109Z,price_change,0.76,SELL,-1888,0.28,0.29
2026-01-03T23:24:40.046534Z,price_change,0.52,SELL,-3442,0.28,0.29
2026-01-03T23:24:40.047998Z,price_change,0.29000000000000004,SELL,-32,0.28,0.29
2026-01-03T23:24:40.086122Z,price_change,0.53,SELL,3442,0.28,0.29
2026-01-03T23:24:40.755005Z,price_change,0.52,SELL,121,0.28,0.29
2026-01-03T23:24:40.756883Z,price_change,0.54,SELL,192,0.28,0.29
2026-01-03T23:24:40.770532Z,price_change,0.76,SELL,1482,0.28,0.29
2026-01-03T23:24:40.861251Z,price_change,0.29000000000000004,SELL,-20,0.28,0.29
2026-01-03T23:24:42.000213Z,price_change,0.52,SELL,-1,0.28,0.29
2026-01-03T23:24:42.198772Z,price_change,0.29000000000000004,SELL,-164,0.28,0.29
2026-01-03T23:24:43.398506Z,price_change,0.29000000000000004,SELL,-22,0.28,0.29
2026-01-03T23:24:45.556791Z,price_change,0.25,BUY,364,0.28,0.29
2026-01-03T23:24:45.558218Z,price_change,0.17,BUY,364,0.28,0.29
2026-01-03T23:24:45.559758Z,price_change,0.36,SELL,364,0.28,0.29
2026-01-03T23:24:45.561334Z,price_change,0.5,SELL,364,0.28,0.29
2026-01-03T23:24:46.060373Z,price_change,0.29000000000000004,SELL,-6,0.28,0.29
2026-01-03T23:24:46.101285Z,price_change,0.29000000000000004,SELL,-235,0.28,0.29
2026-01-03T23:24:48.000033Z,price_change,0.5,SELL,-364,0.28,0.29
2026-01-03T23:24:48.000033Z,price_change,0.36,SELL,-364,0.28,0.29
2026-01-03T23:24:48.000033Z,price_change,0.17,BUY,-364,0.28,0.29
2026-01-03T23:24:48.000033Z,price_change,0.25,BUY,-364,0.28,0.29
2026-01-03T23:24:48.625053Z,price_change,0.29000000000000004,SELL,-29,0.28,0.29
2026-01-03T23:24:49.096343Z,price_change,0.29000000000000004,SELL,-10000,0.28,0.29
2026-01-03T23:24:49.09804Z,price_change,0.29000000000000004,SELL,-10000,0.28,0.29
2026-01-03T23:24:50.893385Z,price_change,0.29000000000000004,SELL,-6,0.28,0.29
2026-01-03T23:24:52.630085Z,price_change,0.31999999999999995,SELL,-1188,0.28,0.29
2026-01-03T23:24:55.028205Z,price_change,0.31999999999999995,SELL,1188,0.28,0.29
2026-01-03T23:24:58.000391Z,price_change,0.52,SELL,-77,0.28,0.29
2026-01-03T23:24:59.965134Z,price_change,0.52,SELL,77,0.28,0.29
2026-01-03T23:25:00.000874Z,price_change,0.27,BUY,-20000,0.28,0.29
2026-01-03T23:25:00.000874Z,price_change,0.53,SELL,-121,0.28,0.29
2026-01-03T23:25:00.000874Z,price_change,0.29000000000000004,SELL,-20000,0.28,0.29
2026-01-03T23:25:00.000874Z,price_change,0.29000000000000004,SELL,-5000,0.28,0.29
2026-01-03T23:25:00.485349Z,price_change,0.27,BUY,11186,0.28,0.29
2026-01-03T23:25:01.806712Z,price_change,0.29000000000000004,SELL,-20,0.28,0.29
2026-01-03T23:25:01.806712Z,price_change,0.30000000000000004,SELL,20,0.28,0.29
2026-01-03T23:25:01.888921Z,price_change,0.25,BUY,364,0.28,0.29
2026-01-03T23:25:01.889837Z,price_change,0.17,BUY,364,0.28,0.29
2026-01-03T23:25:01.890578Z,price_change,0.36,SELL,364,0.28,0.29
2026-01-03T23:25:01.891343Z,price_change,0.5,SELL,364,0.28,0.29
2026-01-03T23:25:01.949957Z,price_change,0.53,SELL,222,0.28,0.29
2026-01-03T23:25:01.992082Z,price_change,0.53,SELL,-3442,0.28,0.29
2026-01-03T23:25:02.028037Z,price_change,0.52,SELL,3442,0.28,0.29
2026-01-03T23:25:02.845059Z,price_change,0.52,SELL,-77,0.28,0.29
2026-01-03T23:25:02.937328Z,price_change,0.52,SELL,-43,0.28,0.29
2026-01-03T23:25:03.00164Z,price_change,0.6599999999999999,SELL,-1887,0.28,0.29
2026-01-03T23:25:03.939575Z,price_change,0.53,SELL,120,0.28,0.29
2026-01-03T23:25:04.00085Z,price_change,0.5,SELL,-364,0.28,0.29
2026-01-03T23:25:04.00085Z,price_change,0.25,BUY,-364,0.28,0.29
2026-01-03T23:25:04.00085Z,price_change,0.17,BUY,-364,0.28,0.29
2026-01-03T23:25:04.00085Z,price_change,0.36,SELL,-364,0.28,0.29
2026-01-03T23:25:06.538927Z,price_change,0.6599999999999999,SELL,1261,0.28,0.29
2026-01-03T23:25:08.076991Z,price_change,0.88,SELL,1944,0.28,0.29
2026-01-03T23:25:10.561702Z,price_change,0.25,BUY,-1290,0.28,0.29
2026-01-03T23:25:10.562901Z,price_change,0.29000000000000004,SELL,-11186,0.28,0.29
2026-01-03T23:25:10.563461Z,price_change,0.29000000000000004,SELL,-11186,0.28,0.29
2026-01-03T23:25:10.565915Z,price_change,0.27,BUY,-11186,0.28,0.29
2026-01-03T23:25:10.566071Z,price_change,0.26,BUY,-11186,0.28,0.29
2026-01-03T23:25:10.566623Z,price_change,0.29000000000000004,SELL,-860,0.28,0.29
2026-01-03T23:25:10.56674Z,price_change,0.04,BUY,-3442,0.28,0.29
2026-01-03T23:25:10.569048Z,price_change,0.27,BUY,-7624,0.28,0.29
2026-01-03T23:25:10.569412Z,price_change,0.31000000000000005,SELL,-11186,0.28,0.29
2026-01-03T23:25:10.570752Z,price_change,0.26,BUY,-860,0.28,0.29
2026-01-03T23:25:10.702257Z,price_change,0.31000000000000005,SELL,-1290,0.28,0.29
2026-01-03T23:25:10.705281Z,price_change,0.31000000000000005,SELL,-11186,0.28,0.29
2026-01-03T23:25:10.734385Z,price_change,0.6,SELL,-21513,0.28,0.29
2026-01-03T23:25:11.956197Z,price_change,0.30000000000000004,SELL,-20,0.28,0.29
2026-01-03T23:25:11.956197Z,price_change,0.29000000000000004,SELL,20,0.28,0.29
2026-01-03T23:25:12.455942Z,price_change,0.30000000000000004,SELL,-11186,0.28,0.29
2026-01-03T23:25:12.45598Z,price_change,0.27,BUY,-860,0.28,0.29
2026-01-03T23:25:12.45675Z,price_change,0.30000000000000004,SELL,-860,0.28,0.29
2026-01-03T23:25:12.464106Z,price_change,0.52,SELL,-3442,0.28,0.29
2026-01-03T23:25:13.890186Z,price_change,0.62,SELL,807,0.28,0.29
2026-01-03T23:25:13.891821Z,price_change,0.29000000000000004,SELL,201,0.28,0.29
2026-01-03T23:25:13.892326Z,price_change,0.30000000000000004,SELL,2624,0.28,0.29
2026-01-03T23:25:13.892574Z,price_change,0.29000000000000004,SELL,2624,0.28,0.29
2026-01-03T23:25:13.893404Z,price_change,0.29000000000000004,SELL,2624,0.28,0.29
2026-01-03T23:25:13.893709Z,price_change,0.74,SELL,5046,0.28,0.29
2026-01-03T23:25:13.894616Z,price_change,0.31000000000000005,SELL,2624,0.28,0.29
2026-01-03T23:25:13.894742Z,price_change,0.30000000000000004,SELL,2624,0.28,0.29
2026-01-03T23:25:13.894793Z,price_change,0.30000000000000004,SELL,201,0.28,0.29
2026-01-03T23:25:13.895968Z,price_change,0.31999999999999995,SELL,302,0.28,0.29
2026-01-03T23:25:13.896302Z,price_change,0.24,BUY,302,0.28,0.29
2026-01-03T23:25:13.898343Z,price_change,0.26,BUY,2624,0.28,0.29
2026-01-03T23:25:13.89876Z,price_change,0.26,BUY,201,0.28,0.29
2026-01-03T23:25:13.899066Z,price_change,0.26,BUY,201,0.28,0.29
2026-01-03T23:25:13.90016Z,price_change,0.27,BUY,2624,0.28,0.29
2026-01-03T23:25:13.902492Z,price_change,0.29000000000000004,SELL,2624,0.28,0.29
2026-01-03T23:25:14.52107Z,price_change,0.04,BUY,2857,0.28,0.29
2026-01-03T23:25:14.769389Z,price_change,0.74,SELL,-5046,0.28,0.29
2026-01-03T23:25:14.770559Z,price_change,0.24,BUY,-302,0.28,0.29
2026-01-03T23:25:14.771209Z,price_change,0.62,SELL,-807,0.28,0.29
2026-01-03T23:25:14.772152Z,price_change,0.26,BUY,-201,0.28,0.29
2026-01-03T23:25:14.782532Z,price_change,0.29000000000000004,SELL,-2624,0.28,0.29
2026-01-03T23:25:14.794948Z,price_change,0.31999999999999995,SELL,-302,0.28,0.29
2026-01-03T23:25:14.971254Z,price_change,0.27,BUY,714,0.28,0.29
2026-01-03T23:25:14.973236Z,price_change,0.52,SELL,2857,0.28,0.29
2026-01-03T23:25:14.974028Z,price_change,0.61,SELL,17859,0.28,0.29
2026-01-03T23:25:14.97988Z,price_change,0.25,BUY,1071,0.28,0.29
2026-01-03T23:25:14.98138Z,price_change,0.31000000000000005,SELL,1071,0.28,0.29
2026-01-03T23:25:15.091931Z,price_change,0.73,SELL,1422,0.28,0.29
2026-01-03T23:25:15.181846Z,price_change,0.29000000000000004,SELL,-27,0.28,0.29
2026-01-03T23:25:15.409964Z,price_change,0.29000000000000004,SELL,-65,0.28,0.29
2026-01-03T23:25:15.526802Z,price_change,0.29000000000000004,SELL,3000,0.28,0.29
2026-01-03T23:25:16.381075Z,price_change,0.73,SELL,-1422,0.28,0.29
2026-01-03T23:25:17.171761Z,price_change,0.25,BUY,-6405,0.28,0.29
2026-01-03T23:25:17.178572Z,price_change,0.32999999999999996,SELL,-2884,0.28,0.29
2026-01-03T23:25:17.180214Z,price_change,0.24,BUY,-2223,0.28,0.29
2026-01-03T23:25:17.181542Z,price_change,0.33999999999999997,SELL,-975,0.28,0.29
2026-01-03T23:25:17.305112Z,price_change,0.25,BUY,1440,0.28,0.29
2026-01-03T23:25:17.49049Z,price_change,0.24,BUY,12000,0.28,0.29
2026-01-03T23:25:17.497812Z,price_change,0.25,BUY,-12000,0.28,0.29
2026-01-03T23:25:17.50197Z,price_change,0.31000000000000005,SELL,-4348,0.28,0.29
2026-01-03T23:25:17.503936Z,price_change,0.30000000000000004,SELL,4286,0.28,0.29
2026-01-03T23:25:17.817597Z,price_change,0.30000000000000004,SELL,-2624,0.28,0.29
2026-01-03T23:25:17.817812Z,price_change,0.61,SELL,-17859,0.28,0.29
2026-01-03T23:25:17.850607Z,price_change,0.6,SELL,21234,0.28,0.29
2026-01-03T23:25:17.939469Z,price_change,0.25,BUY,-1440,0.28,0.29
2026-01-03T23:25:18.01133Z,price_change,0.24,BUY,1408,0.28,0.29
2026-01-03T23:25:18.203557Z,price_change,0.25,BUY,364,0.28,0.29
2026-01-03T23:25:18.204883Z,price_change,0.17,BUY,364,0.28,0.29
2026-01-03T23:25:18.206608Z,price_change,0.36,SELL,364,0.28,0.29
2026-01-03T23:25:18.207712Z,price_change,0.5,SELL,364,0.28,0.29
2026-01-03T23:25:18.996341Z,price_change,0.31999999999999995,SELL,-1188,0.28,0.29
2026-01-03T23:25:19.282721Z,price_change,0.31999999999999995,SELL,1141,0.28,0.29
2026-01-03T23:25:20.001325Z,price_change,0.5700000000000001,SELL,-654,0.28,0.29
2026-01-03T23:25:20.244762Z,price_change,0.31000000000000005,SELL,11159,0.28,0.29
2026-01-03T23:25:21.003271Z,price_change,0.36,SELL,-364,0.28,0.29
2026-01-03T23:25:21.003271Z,price_change,0.25,BUY,-364,0.28,0.29
2026-01-03T23:25:21.003271Z,price_change,0.5,SELL,-364,0.28,0.29
2026-01-03T23:25:21.003271Z,price_change,0.17,BUY,-364,0.28,0.29
2026-01-03T23:25:21.016894Z,price_change,0.5700000000000001,SELL,676,0.28,0.29
2026-01-03T23:25:21.757442Z,price_change,0.31999999999999995,SELL,-1141,0.28,0.29
2026-01-03T23:25:21.835436Z,price_change,0.26,BUY,-125,0.28,0.29
2026-01-03T23:25:21.836347Z,price_change,0.31999999999999995,SELL,-300,0.28,0.29
2026-01-03T23:25:21.917698Z,price_change,0.31000000000000005,SELL,300,0.28,0.29
2026-01-03T23:25:21.935653Z,price_change,0.25,BUY,125,0.28,0.29
2026-01-03T23:25:22.008492Z,price_change,0.27,BUY,-200,0.28,0.29
2026-01-03T23:25:22.009548Z,price_change,0.31000000000000005,SELL,-200,0.28,0.29
2026-01-03T23:25:22.036665Z,price_change,0.26,BUY,200,0.28,0.29
2026-01-03T23:25:22.040351Z,price_change,0.30000000000000004,SELL,200,0.28,0.29
2026-01-03T23:25:23.517266Z,price_change,0.29000000000000004,SELL,-6,0.28,0.29
2026-01-03T23:25:25.643981Z,price_change,0.25,BUY,-125,0.28,0.29
2026-01-03T23:25:25.644772Z,price_change,0.31000000000000005,SELL,-300,0.28,0.29
2026-01-03T23:25:25.705729Z,price_change,0.31000000000000005,SELL,-1071,0.28,0.29
2026-01-03T23:25:25.749267Z,price_change,0.33999999999999997,SELL,1290,0.28,0.29
2026-01-03T23:25:25.759184Z,price_change,0.30000000000000004,SELL,-200,0.28,0.29
2026-01-03T23:25:25.760702Z,price_change,0.26,BUY,-200,0.28,0.29
2026-01-03T23:25:27.32449Z,price_change,0.31999999999999995,SELL,1141,0.28,0.29
2026-01-03T23:25:27.362076Z,price_change,0.33999999999999997,SELL,-1290,0.28,0.29
2026-01-03T23:25:27.399681Z,price_change,0.31000000000000005,SELL,1290,0.28,0.29
2026-01-03T23:25:28.449876Z,price_change,0.24,BUY,-1408,0.28,0.29
2026-01-03T23:25:29.311398Z,price_change,0.29000000000000004,SELL,-16,0.28,0.29
2026-01-03T23:25:30.385747Z,price_change,0.25,BUY,12000,0.28,0.29
2026-01-03T23:25:30.427514Z,price_change,0.25,BUY,-100,0.28,0.29
2026-01-03T23:25:30.427514Z,price_change,0.26,BUY,100,0.28,0.29
2026-01-03T23:25:30.452994Z,price_change,0.29000000000000004,SELL,-20,0.28,0.29
2026-01-03T23:25:30.452994Z,price_change,0.30000000000000004,SELL,20,0.28,0.29
2026-01-03T23:25:30.500353Z,price_change,0.24,BUY,-12000,0.28,0.29
