timestamp,event_type,price,side,size,best_bid,best_ask
,book,0.3200,BUY,4841,0.3200,0.33
,book,0.33,SELL,50,0.3200,0.33
2026-01-08T02:13:20.293354Z,price_change,0.31,BUY,-2174,0.32,0.3300
2026-01-08T02:13:20.328484Z,price_change,0.3300,SELL,-50,0.32,0.3400
2026-01-08T02:13:20.328484Z,price_change,0.33,BUY,2122,0.33,0.3400
1767838400,last_trade_price,0.33,BUY,50,0.33,0.3400
2026-01-08T02:13:20.34311Z,price_change,0.31,BUY,-884,0.33,0.3400
2026-01-08T02:13:20.347898Z,price_change,0.3400,SELL,-615,0.33,0.3400
2026-01-08T02:13:20.355079Z,price_change,0.32,BUY,884,0.33,0.3400
2026-01-08T02:13:20.359208Z,price_change,0.32,BUY,-2500,0.33,0.3400
2026-01-08T02:13:20.359883Z,price_change,0.3500,SELL,615,0.33,0.3400
2026-01-08T02:13:20.400925Z,price_change,0.26,BUY,-62,0.33,0.3400
2026-01-08T02:13:20.41924Z,price_change,0.33,BUY,7,0.33,0.3400
2026-01-08T02:13:20.447564Z,price_change,0.26,BUY,62,0.33,0.3400
2026-01-08T02:13:20.448882Z,price_change,0.3400,SELL,150,0.33,0.3400
2026-01-08T02:13:20.494581Z,price_change,0.3400,SELL,-150,0.33,0.3400
2026-01-08T02:13:20.495494Z,price_change,0.26,BUY,-62,0.33,0.3400
2026-01-08T02:13:20.541582Z,price_change,0.3400,SELL,-1,0.33,0.3400
2026-01-08T02:13:20.541582Z,price_change,0.3500,SELL,1,0.33,0.3400
2026-01-08T02:13:20.553684Z,price_change,0.3400,SELL,10,0.33,0.3400
2026-01-08T02:13:20.566666Z,price_change,0.3,BUY,-1567,0.33,0.3400
2026-01-08T02:13:20.572024Z,price_change,0.26,BUY,-100,0.33,0.3400
2026-01-08T02:13:20.573926Z,price_change,0.33,BUY,2500,0.33,0.3400
2026-01-08T02:13:20.587331Z,price_change,0.3400,SELL,-11,0.33,0.3400
2026-01-08T02:13:20.59997Z,price_change,0.32,BUY,-884,0.33,0.3400
2026-01-08T02:13:20.601065Z,price_change,0.3500,SELL,-615,0.33,0.3400
2026-01-08T02:13:20.611625Z,price_change,0.33,BUY,884,0.33,0.3400
2026-01-08T02:13:20.612885Z,price_change,0.3600,SELL,615,0.33,0.3400
2026-01-08T02:13:20.6382Z,price_change,0.27,BUY,1489,0.33,0.3400
2026-01-08T02:13:20.649494Z,price_change,0.32,BUY,-167,0.33,0.3400
2026-01-08T02:13:20.690616Z,price_change,0.3,BUY,167,0.33,0.3400
2026-01-08T02:13:20.934686Z,price_change,0.3400,SELL,9,0.33,0.3400
2026-01-08T02:13:20.943064Z,price_change,0.3400,SELL,-10,0.33,0.3400
2026-01-08T02:13:20.960948Z,price_change,0.3400,SELL,-1,0.33,0.3400
2026-01-08T02:13:20.960948Z,price_change,0.3500,SELL,10,0.33,0.3400
2026-01-08T02:13:21.590003Z,price_change,0.23,BUY,150,0.33,0.3400
,book,0.5500,BUY,10167,0.5500,0.56
,book,0.56,SELL,50,0.5500,0.56
2026-01-08T02:14:12.879478Z,price_change,0.54,BUY,-1487,0.55,0.5600
2026-01-08T02:14:12.880778Z,price_change,0.5700,SELL,-12,0.55,0.5600
2026-01-08T02:14:12.88228Z,price_change,0.5700,SELL,-2172,0.55,0.5600
2026-01-08T02:14:12.883453Z,price_change,0.5700,SELL,-2172,0.55,0.5600
2026-01-08T02:14:12.884326Z,price_change,0.5900,SELL,-2172,0.55,0.5600
2026-01-08T02:14:12.885732Z,price_change,0.5800,SELL,-2172,0.55,0.5600
2026-01-08T02:14:12.888291Z,price_change,0.5700,SELL,-2172,0.55,0.5600
2026-01-08T02:14:12.894147Z,price_change,0.55,BUY,1487,0.55,0.5600
2026-01-08T02:14:12.897278Z,price_change,0.5900,SELL,12,0.55,0.5600
2026-01-08T02:14:12.91722Z,price_change,0.5800,SELL,-94,0.55,0.5600
2026-01-08T02:14:12.91722Z,price_change,0.6400,SELL,8,0.55,0.5600
2026-01-08T02:14:12.924934Z,price_change,0.52,BUY,-2500,0.55,0.5600
2026-01-08T02:14:12.939135Z,price_change,0.5900,SELL,-12,0.55,0.5600
2026-01-08T02:14:12.940985Z,price_change,0.55,BUY,2172,0.55,0.5600
2026-01-08T02:14:12.950102Z,price_change,0.6000,SELL,12,0.55,0.5600
2026-01-08T02:14:12.95755Z,price_change,0.5800,SELL,-167,0.55,0.5600
2026-01-08T02:14:12.965385Z,price_change,0.6400,SELL,-8,0.55,0.5600
2026-01-08T02:14:12.965385Z,price_change,0.6700,SELL,94,0.55,0.5600
2026-01-08T02:14:12.983272Z,price_change,0.5800,SELL,-2172,0.55,0.5600
2026-01-08T02:14:12.983599Z,price_change,0.7900,SELL,-1,0.55,0.5600
2026-01-08T02:14:12.983599Z,price_change,0.5700,SELL,1,0.55,0.5600
2026-01-08T02:14:12.990981Z,price_change,0.6000,SELL,-12,0.55,0.5600
2026-01-08T02:14:12.996675Z,price_change,0.53,BUY,2500,0.55,0.5600
2026-01-08T02:14:12.99917Z,price_change,0.7900,SELL,167,0.55,0.5600
2026-01-08T02:14:13.003955Z,price_change,0.6000,SELL,100,0.55,0.5600
2026-01-08T02:14:13.004286Z,price_change,0.5900,SELL,12,0.55,0.5600
2026-01-08T02:14:13.031466Z,price_change,0.49,BUY,-12,0.55,0.5600
2026-01-08T02:14:13.033161Z,price_change,0.49,BUY,-100,0.55,0.5600
2026-01-08T02:14:13.039521Z,price_change,0.7900,SELL,3,0.55,0.5600
2026-01-08T02:14:13.046158Z,price_change,0.7900,SELL,-250,0.55,0.5600
2026-01-08T02:14:13.059332Z,price_change,0.6000,SELL,2172,0.55,0.5600
2026-01-08T02:14:13.061006Z,price_change,0.5900,SELL,2172,0.55,0.5600
2026-01-08T02:14:13.062764Z,price_change,0.5900,SELL,2172,0.55,0.5600
2026-01-08T02:14:13.067332Z,price_change,0.7900,SELL,-167,0.55,0.5600
2026-01-08T02:14:13.090345Z,price_change,0.6100,SELL,2172,0.55,0.5600
2026-01-08T02:14:13.090776Z,price_change,0.6000,SELL,2172,0.55,0.5600
2026-01-08T02:14:13.092602Z,price_change,0.5900,SELL,2172,0.55,0.5600
2026-01-08T02:14:13.096544Z,price_change,0.6000,SELL,-100,0.55,0.5600
2026-01-08T02:14:13.099612Z,price_change,0.55,BUY,-167,0.55,0.5600
2026-01-08T02:14:13.112196Z,price_change,0.5900,SELL,167,0.55,0.5600
2026-01-08T02:14:13.114135Z,price_change,0.6000,SELL,250,0.55,0.5600
2026-01-08T02:14:13.121128Z,price_change,0.5600,SELL,-50,0.55,0.5700
2026-01-08T02:14:13.126433Z,price_change,0.6700,SELL,-94,0.55,0.5700
2026-01-08T02:14:13.126433Z,price_change,0.6100,SELL,70,0.55,0.5700
2026-01-08T02:14:13.134637Z,price_change,0.55,BUY,-1487,0.55,0.5700
2026-01-08T02:14:13.139655Z,price_change,0.5900,SELL,-2172,0.55,0.5700
2026-01-08T02:14:13.140293Z,price_change,0.6100,SELL,-2172,0.55,0.5700
2026-01-08T02:14:13.140562Z,price_change,0.5900,SELL,-2172,0.55,0.5700
2026-01-08T02:14:13.141943Z,price_change,0.5900,SELL,-2172,0.55,0.5700
2026-01-08T02:14:13.14247Z,price_change,0.6000,SELL,-2172,0.55,0.5700
2026-01-08T02:14:13.144778Z,price_change,0.56,BUY,1487,0.56,0.5700
2026-01-08T02:14:13.148493Z,price_change,0.54,BUY,167,0.56,0.5700
2026-01-08T02:14:13.148957Z,price_change,0.6000,SELL,-2172,0.56,0.5700
2026-01-08T02:14:13.153449Z,price_change,0.6000,SELL,-250,0.56,0.5700
2026-01-08T02:14:13.157044Z,price_change,0.5900,SELL,-167,0.56,0.5700
2026-01-08T02:14:13.16121Z,price_change,0.5700,SELL,-1,0.56,0.5900
2026-01-08T02:14:13.16121Z,price_change,0.7800,SELL,1,0.56,0.5900
2026-01-08T02:14:13.170397Z,price_change,0.6000,SELL,100,0.56,0.5900
2026-01-08T02:14:13.175925Z,price_change,0.5900,SELL,-12,0.56,0.6000
2026-01-08T02:14:13.188997Z,price_change,0.6000,SELL,12,0.56,0.6000
2026-01-08T02:14:13.196273Z,price_change,0.7900,SELL,167,0.56,0.6000
2026-01-08T02:14:13.197135Z,price_change,0.7900,SELL,2172,0.56,0.6000
2026-01-08T02:14:13.197894Z,price_change,0.7900,SELL,250,0.56,0.6000
2026-01-08T02:14:13.198267Z,price_change,0.8000,SELL,2172,0.56,0.6000
2026-01-08T02:14:13.199377Z,price_change,0.7900,SELL,2172,0.56,0.6000
2026-01-08T02:14:13.199605Z,price_change,0.7900,SELL,2172,0.56,0.6000
2026-01-08T02:14:13.199748Z,price_change,0.8000,SELL,2172,0.56,0.6000
2026-01-08T02:14:13.222528Z,price_change,0.8100,SELL,2172,0.56,0.6000
2026-01-08T02:14:13.250096Z,price_change,0.7900,SELL,-167,0.56,0.6000
2026-01-08T02:14:13.251409Z,price_change,0.8000,SELL,-2172,0.56,0.6000
2026-01-08T02:14:13.252892Z,price_change,0.8100,SELL,-2172,0.56,0.6000
2026-01-08T02:14:13.253216Z,price_change,0.7900,SELL,-250,0.56,0.6000
2026-01-08T02:14:13.253618Z,price_change,0.7900,SELL,-2172,0.56,0.6000
2026-01-08T02:14:13.254178Z,price_change,0.7900,SELL,-2172,0.56,0.6000
2026-01-08T02:14:13.255217Z,price_change,0.8000,SELL,-2172,0.56,0.6000
2026-01-08T02:14:13.255384Z,price_change,0.7900,SELL,-2172,0.56,0.6000
2026-01-08T02:14:13.28839Z,price_change,0.6000,SELL,2172,0.56,0.6000
2026-01-08T02:14:13.288508Z,price_change,0.6000,SELL,250,0.56,0.6000
2026-01-08T02:14:13.289641Z,price_change,0.5900,SELL,2172,0.56,0.5900
2026-01-08T02:14:13.291878Z,price_change,0.6000,SELL,2172,0.56,0.5900
2026-01-08T02:14:13.292939Z,price_change,0.5900,SELL,2172,0.56,0.5900
2026-01-08T02:14:13.292999Z,price_change,0.5900,SELL,167,0.56,0.5900
2026-01-08T02:14:13.293211Z,price_change,0.5900,SELL,2172,0.56,0.5900
2026-01-08T02:14:13.293254Z,price_change,0.6100,SELL,2172,0.56,0.5900
2026-01-08T02:14:13.30798Z,price_change,0.6000,SELL,-100,0.56,0.5900
2026-01-08T02:14:13.32921Z,price_change,0.7800,SELL,-1,0.56,0.5900
2026-01-08T02:14:13.32921Z,price_change,0.5900,SELL,1,0.56,0.5900
2026-01-08T02:14:13.348085Z,price_change,0.5900,SELL,-2172,0.56,0.5900
2026-01-08T02:14:13.348744Z,price_change,0.6000,SELL,-2172,0.56,0.5900
2026-01-08T02:14:13.349055Z,price_change,0.6000,SELL,-250,0.56,0.5900
2026-01-08T02:14:13.350114Z,price_change,0.6000,SELL,-2172,0.56,0.5900
2026-01-08T02:14:13.350162Z,price_change,0.6100,SELL,-2172,0.56,0.5900
2026-01-08T02:14:13.350501Z,price_change,0.5900,SELL,-2172,0.56,0.5900
2026-01-08T02:14:13.351126Z,price_change,0.5900,SELL,-2172,0.56,0.5900
2026-01-08T02:14:13.351967Z,price_change,0.5900,SELL,-167,0.56,0.5900
2026-01-08T02:14:13.355458Z,price_change,0.7900,SELL,-3,0.56,0.5900
2026-01-08T02:14:13.375248Z,price_change,0.6000,SELL,100,0.56,0.5900
2026-01-08T02:14:13.391403Z,price_change,0.7900,SELL,167,0.56,0.5900
2026-01-08T02:14:13.392284Z,price_change,0.7900,SELL,2172,0.56,0.5900
2026-01-08T02:14:13.393603Z,price_change,0.8000,SELL,2172,0.56,0.5900
2026-01-08T02:14:13.394854Z,price_change,0.7900,SELL,250,0.56,0.5900
2026-01-08T02:14:13.396597Z,price_change,0.7900,SELL,2172,0.56,0.5900
2026-01-08T02:14:13.398571Z,price_change,0.8100,SELL,2172,0.56,0.5900
2026-01-08T02:14:13.411272Z,price_change,0.7900,SELL,2172,0.56,0.5900
2026-01-08T02:14:13.415224Z,price_change,0.8000,SELL,2172,0.56,0.5900
2026-01-08T02:14:13.420725Z,price_change,0.7900,SELL,-167,0.56,0.5900
2026-01-08T02:14:13.431355Z,price_change,0.7900,SELL,-250,0.56,0.5900
2026-01-08T02:14:13.432747Z,price_change,0.5900,SELL,-1,0.56,0.6000
2026-01-08T02:14:13.432747Z,price_change,0.7900,SELL,1,0.56,0.6000
2026-01-08T02:14:13.444887Z,price_change,0.7900,SELL,-2172,0.56,0.6000
2026-01-08T02:14:13.444961Z,price_change,0.8000,SELL,-2172,0.56,0.6000
2026-01-08T02:14:13.44581Z,price_change,0.8100,SELL,-2172,0.56,0.6000
2026-01-08T02:14:13.4471Z,price_change,0.7900,SELL,-2172,0.56,0.6000
2026-01-08T02:14:13.447155Z,price_change,0.8000,SELL,-2172,0.56,0.6000
2026-01-08T02:14:13.450649Z,price_change,0.7900,SELL,-2172,0.56,0.6000
2026-01-08T02:14:13.456688Z,price_change,0.6000,SELL,250,0.56,0.6000
2026-01-08T02:14:13.46067Z,price_change,0.6100,SELL,5,0.56,0.6000
2026-01-08T02:14:13.460863Z,price_change,0.5900,SELL,167,0.56,0.5900
2026-01-08T02:14:13.487286Z,price_change,0.5900,SELL,2172,0.56,0.5900
2026-01-08T02:14:13.48841Z,price_change,0.6000,SELL,2172,0.56,0.5900
2026-01-08T02:14:13.488643Z,price_change,0.5900,SELL,2172,0.56,0.5900
2026-01-08T02:14:13.490601Z,price_change,0.6100,SELL,2172,0.56,0.5900
2026-01-08T02:14:13.492401Z,price_change,0.5900,SELL,2172,0.56,0.5900
2026-01-08T02:14:13.492685Z,price_change,0.6000,SELL,2172,0.56,0.5900
2026-01-08T02:14:13.508875Z,price_change,0.6000,SELL,-100,0.56,0.5900
2026-01-08T02:14:13.512413Z,price_change,0.49,BUY,1,0.56,0.5900
2026-01-08T02:14:13.559301Z,price_change,0.6000,SELL,-250,0.56,0.5900
2026-01-08T02:14:13.560113Z,price_change,0.5900,SELL,-167,0.56,0.5900
2026-01-08T02:14:13.560196Z,price_change,0.6000,SELL,-2172,0.56,0.5900
2026-01-08T02:14:13.560876Z,price_change,0.5900,SELL,-2172,0.56,0.5900
2026-01-08T02:14:13.562449Z,price_change,0.6100,SELL,-2172,0.56,0.5900
2026-01-08T02:14:13.562632Z,price_change,0.6000,SELL,-2172,0.56,0.5900
2026-01-08T02:14:13.563038Z,price_change,0.5900,SELL,-2172,0.56,0.5900
2026-01-08T02:14:13.583676Z,price_change,0.5900,SELL,-2172,0.56,0.6000
2026-01-08T02:14:13.601881Z,price_change,0.7900,SELL,-1,0.56,0.6000
2026-01-08T02:14:13.601881Z,price_change,0.5900,SELL,1,0.56,0.5900
2026-01-08T02:14:13.630574Z,price_change,0.7900,SELL,2172,0.56,0.5900
2026-01-08T02:14:13.631626Z,price_change,0.7900,SELL,167,0.56,0.5900
2026-01-08T02:14:13.632838Z,price_change,0.8100,SELL,2172,0.56,0.5900
2026-01-08T02:14:13.632846Z,price_change,0.7900,SELL,250,0.56,0.5900
2026-01-08T02:14:13.633114Z,price_change,0.6100,SELL,-70,0.56,0.5900
2026-01-08T02:14:13.636574Z,price_change,0.7900,SELL,2172,0.56,0.5900
2026-01-08T02:14:13.636713Z,price_change,0.8000,SELL,2172,0.56,0.5900
2026-01-08T02:14:13.639058Z,price_change,0.6000,SELL,-12,0.56,0.5900
2026-01-08T02:14:13.64036Z,price_change,0.5800,SELL,42,0.56,0.5800
2026-01-08T02:14:13.651127Z,price_change,0.7900,SELL,2172,0.56,0.5800
2026-01-08T02:14:13.652675Z,price_change,0.6100,SELL,31,0.56,0.5800
2026-01-08T02:14:13.661858Z,price_change,0.7700,SELL,500,0.56,0.5800
2026-01-08T02:14:13.667009Z,price_change,0.8000,SELL,2172,0.56,0.5800
2026-01-08T02:14:13.692407Z,price_change,0.7700,SELL,-390,0.56,0.5800
2026-01-08T02:14:13.705486Z,price_change,0.7900,SELL,-250,0.56,0.5800
2026-01-08T02:14:13.705609Z,price_change,0.7900,SELL,-2172,0.56,0.5800
2026-01-08T02:14:13.705677Z,price_change,0.7900,SELL,-167,0.56,0.5800
2026-01-08T02:14:13.707561Z,price_change,0.7900,SELL,-2172,0.56,0.5800
2026-01-08T02:14:13.708245Z,price_change,0.8000,SELL,-2172,0.56,0.5800
2026-01-08T02:14:13.715354Z,price_change,0.8100,SELL,-2172,0.56,0.5800
2026-01-08T02:14:13.732147Z,price_change,0.8000,SELL,-2172,0.56,0.5800
2026-01-08T02:14:13.733364Z,price_change,0.7900,SELL,-2172,0.56,0.5800
2026-01-08T02:14:13.754Z,price_change,0.7700,SELL,109,0.56,0.5800
2026-01-08T02:14:13.783241Z,price_change,0.7600,SELL,167,0.56,0.5800
2026-01-08T02:14:13.783711Z,price_change,0.7800,SELL,2172,0.56,0.5800
2026-01-08T02:14:13.784716Z,price_change,0.7700,SELL,2172,0.56,0.5800
2026-01-08T02:14:13.785428Z,price_change,0.7600,SELL,250,0.56,0.5800
2026-01-08T02:14:13.78594Z,price_change,0.7600,SELL,2172,0.56,0.5800
2026-01-08T02:14:13.787144Z,price_change,0.7700,SELL,2172,0.56,0.5800
2026-01-08T02:14:13.787201Z,price_change,0.7600,SELL,2172,0.56,0.5800
2026-01-08T02:14:13.790473Z,price_change,0.7600,SELL,2172,0.56,0.5800
2026-01-08T02:14:13.812868Z,price_change,0.5900,SELL,-1,0.56,0.5800
2026-01-08T02:14:13.812868Z,price_change,0.7900,SELL,1,0.56,0.5800
2026-01-08T02:14:13.813735Z,price_change,0.7700,SELL,-219,0.56,0.5800
2026-01-08T02:14:13.813735Z,price_change,0.7500,SELL,135,0.56,0.5800
2026-01-08T02:14:13.838513Z,price_change,0.6100,SELL,-5,0.56,0.5800
2026-01-08T02:14:13.838513Z,price_change,0.6700,SELL,42,0.56,0.5800
2026-01-08T02:14:13.853024Z,price_change,0.7700,SELL,-2172,0.56,0.5800
2026-01-08T02:14:13.854792Z,price_change,0.7600,SELL,-250,0.56,0.5800
2026-01-08T02:14:13.85516Z,price_change,0.7600,SELL,-2172,0.56,0.5800
2026-01-08T02:14:13.855224Z,price_change,0.7700,SELL,-2172,0.56,0.5800
2026-01-08T02:14:13.855597Z,price_change,0.7600,SELL,-167,0.56,0.5800
2026-01-08T02:14:13.855657Z,price_change,0.7800,SELL,-2172,0.56,0.5800
2026-01-08T02:14:13.857313Z,price_change,0.7600,SELL,-2172,0.56,0.5800
2026-01-08T02:14:13.870946Z,price_change,0.7500,SELL,-135,0.56,0.5800
2026-01-08T02:14:13.870946Z,price_change,0.6600,SELL,135,0.56,0.5800
2026-01-08T02:14:13.897966Z,price_change,0.5800,SELL,-42,0.56,0.6000
2026-01-08T02:14:13.926313Z,price_change,0.7400,SELL,167,0.56,0.6000
2026-01-08T02:14:13.926908Z,price_change,0.7400,SELL,2172,0.56,0.6000
2026-01-08T02:14:13.928123Z,price_change,0.7500,SELL,2172,0.56,0.6000
2026-01-08T02:14:13.928428Z,price_change,0.7400,SELL,2172,0.56,0.6000
2026-01-08T02:14:13.929773Z,price_change,0.7500,SELL,2172,0.56,0.6000
2026-01-08T02:14:13.950341Z,price_change,0.7400,SELL,2172,0.56,0.6000
2026-01-08T02:14:13.951004Z,price_change,0.7400,SELL,250,0.56,0.6000
2026-01-08T02:14:13.964039Z,price_change,0.6700,SELL,-42,0.56,0.6000
2026-01-08T02:14:13.964039Z,price_change,0.6500,SELL,1,0.56,0.6000
2026-01-08T02:14:13.986343Z,price_change,0.6600,SELL,-135,0.56,0.6000
2026-01-08T02:14:13.986343Z,price_change,0.6500,SELL,126,0.56,0.6000
2026-01-08T02:14:13.995081Z,price_change,0.7400,SELL,-167,0.56,0.6000
2026-01-08T02:14:13.997616Z,price_change,0.7500,SELL,1,0.56,0.6000
2026-01-08T02:14:14.001378Z,price_change,0.51,BUY,-69000,0.56,0.6000
2026-01-08T02:14:14.005862Z,price_change,0.7400,SELL,-2172,0.56,0.6000
2026-01-08T02:14:14.006078Z,price_change,0.7600,SELL,-2172,0.56,0.6000
2026-01-08T02:14:14.006229Z,price_change,0.7400,SELL,-2172,0.56,0.6000
2026-01-08T02:14:14.006922Z,price_change,0.7500,SELL,-2172,0.56,0.6000
2026-01-08T02:14:14.006989Z,price_change,0.7400,SELL,-250,0.56,0.6000
2026-01-08T02:14:14.007925Z,price_change,0.7500,SELL,-2172,0.56,0.6000
2026-01-08T02:14:14.028233Z,price_change,0.48,BUY,21,0.56,0.6000
2026-01-08T02:14:14.028839Z,price_change,0.7400,SELL,-2172,0.56,0.6000
2026-01-08T02:14:14.041759Z,price_change,0.6400,SELL,167,0.56,0.6000
2026-01-08T02:14:14.054702Z,price_change,0.6400,SELL,26,0.56,0.6000
2026-01-08T02:14:14.069141Z,price_change,0.6500,SELL,2172,0.56,0.6000
2026-01-08T02:14:14.070489Z,price_change,0.6400,SELL,2172,0.56,0.6000
2026-01-08T02:14:14.070866Z,price_change,0.6600,SELL,2172,0.56,0.6000
2026-01-08T02:14:14.074303Z,price_change,0.6400,SELL,2172,0.56,0.6000
2026-01-08T02:14:14.074331Z,price_change,0.6400,SELL,250,0.56,0.6000
2026-01-08T02:14:14.074864Z,price_change,0.6500,SELL,2172,0.56,0.6000
2026-01-08T02:14:14.096158Z,price_change,0.6400,SELL,2172,0.56,0.6000
2026-01-08T02:14:14.102392Z,price_change,0.6500,SELL,-126,0.56,0.6000
2026-01-08T02:14:14.111567Z,price_change,0.47,BUY,2066,0.56,0.6000
2026-01-08T02:14:14.145388Z,price_change,0.6400,SELL,-167,0.56,0.6000
2026-01-08T02:14:14.163924Z,price_change,0.6500,SELL,-2172,0.56,0.6000
2026-01-08T02:14:14.164516Z,price_change,0.6600,SELL,-2172,0.56,0.6000
2026-01-08T02:14:14.164836Z,price_change,0.6400,SELL,-2172,0.56,0.6000
2026-01-08T02:14:14.164864Z,price_change,0.6400,SELL,-2172,0.56,0.6000
2026-01-08T02:14:14.169012Z,price_change,0.6400,SELL,-2172,0.56,0.6000
2026-01-08T02:14:14.170245Z,price_change,0.6400,SELL,-250,0.56,0.6000
2026-01-08T02:14:14.190959Z,price_change,0.6500,SELL,-2172,0.56,0.6000
2026-01-08T02:14:14.218968Z,price_change,0.6500,SELL,142,0.56,0.6000
2026-01-08T02:14:14.233042Z,price_change,0.6100,SELL,-31,0.56,0.6000
2026-01-08T02:14:14.238642Z,price_change,0.7700,SELL,44,0.56,0.6000
2026-01-08T02:14:14.247257Z,price_change,0.6000,SELL,102,0.56,0.6000
2026-01-08T02:14:14.249792Z,price_change,0.6000,SELL,-102,0.56,0.6000
2026-01-08T02:14:14.265089Z,price_change,0.6000,SELL,102,0.56,0.6000
2026-01-08T02:14:14.27169Z,price_change,0.6400,SELL,-26,0.56,0.6000
2026-01-08T02:14:14.275292Z,price_change,0.56,BUY,1,0.56,0.6000
2026-01-08T02:14:14.276026Z,price_change,0.6000,SELL,-102,0.56,0.6000
2026-01-08T02:14:14.280968Z,price_change,0.6500,SELL,-142,0.56,0.6000
2026-01-08T02:14:14.280968Z,price_change,0.6400,SELL,137,0.56,0.6000
2026-01-08T02:14:14.28925Z,price_change,0.6000,SELL,102,0.56,0.6000
2026-01-08T02:14:14.292765Z,price_change,0.6000,SELL,-102,0.56,0.6000
2026-01-08T02:14:14.299201Z,price_change,0.6400,SELL,2172,0.56,0.6000
2026-01-08T02:14:14.301738Z,price_change,0.6400,SELL,2172,0.56,0.6000
2026-01-08T02:14:14.305217Z,price_change,0.6400,SELL,2172,0.56,0.6000
2026-01-08T02:14:14.305334Z,price_change,0.6500,SELL,2172,0.56,0.6000
2026-01-08T02:14:14.30611Z,price_change,0.6500,SELL,2172,0.56,0.6000
2026-01-08T02:14:14.307963Z,price_change,0.6600,SELL,2172,0.56,0.6000
2026-01-08T02:14:14.308683Z,price_change,0.6000,SELL,102,0.56,0.6000
2026-01-08T02:14:14.308945Z,price_change,0.6400,SELL,250,0.56,0.6000
2026-01-08T02:14:14.311466Z,price_change,0.6000,SELL,-102,0.56,0.6000
2026-01-08T02:14:14.312184Z,price_change,0.6400,SELL,167,0.56,0.6000
2026-01-08T02:14:14.324037Z,price_change,0.6400,SELL,-137,0.56,0.6000
2026-01-08T02:14:14.325781Z,price_change,0.6300,SELL,102,0.56,0.6000
2026-01-08T02:14:14.336192Z,price_change,0.6300,SELL,-102,0.56,0.6000
2026-01-08T02:14:14.350584Z,price_change,0.6200,SELL,102,0.56,0.6000
2026-01-08T02:14:14.351078Z,price_change,0.6300,SELL,500,0.56,0.6000
2026-01-08T02:14:14.352361Z,price_change,0.6200,SELL,-102,0.56,0.6000
2026-01-08T02:14:14.365355Z,price_change,0.6200,SELL,102,0.56,0.6000
2026-01-08T02:14:14.36699Z,price_change,0.6200,SELL,-102,0.56,0.6000
2026-01-08T02:14:14.369494Z,price_change,0.7500,SELL,-1,0.56,0.6000
2026-01-08T02:14:14.369494Z,price_change,0.7900,SELL,1,0.56,0.6000
2026-01-08T02:14:14.381065Z,price_change,0.6400,SELL,-167,0.56,0.6000
2026-01-08T02:14:14.381121Z,price_change,0.6500,SELL,-2172,0.56,0.6000
2026-01-08T02:14:14.384026Z,price_change,0.6200,SELL,102,0.56,0.6000
2026-01-08T02:14:14.384376Z,price_change,0.6400,SELL,-250,0.56,0.6000
2026-01-08T02:14:14.386191Z,price_change,0.6400,SELL,-2172,0.56,0.6000
2026-01-08T02:14:14.386275Z,price_change,0.6400,SELL,-2172,0.56,0.6000
2026-01-08T02:14:14.386305Z,price_change,0.6600,SELL,-2172,0.56,0.6000
2026-01-08T02:14:14.387406Z,price_change,0.6200,SELL,-102,0.56,0.6000
2026-01-08T02:14:14.387909Z,price_change,0.6500,SELL,-2172,0.56,0.6000
2026-01-08T02:14:14.403279Z,price_change,0.6000,SELL,102,0.56,0.6000
2026-01-08T02:14:14.40641Z,price_change,0.6400,SELL,-2172,0.56,0.6000
2026-01-08T02:14:14.417477Z,price_change,0.6000,SELL,-102,0.56,0.6000
2026-01-08T02:14:14.420533Z,price_change,0.6100,SELL,36,0.56,0.6000
2026-01-08T02:14:14.43041Z,price_change,0.6000,SELL,102,0.56,0.6000
2026-01-08T02:14:14.490065Z,price_change,0.5900,SELL,2172,0.56,0.5900
2026-01-08T02:14:14.49116Z,price_change,0.5900,SELL,2172,0.56,0.5900
2026-01-08T02:14:14.491298Z,price_change,0.6000,SELL,2172,0.56,0.5900
2026-01-08T02:14:14.491366Z,price_change,0.5900,SELL,167,0.56,0.5900
2026-01-08T02:14:14.492164Z,price_change,0.6100,SELL,2172,0.56,0.5900
2026-01-08T02:14:14.492312Z,price_change,0.6000,SELL,2172,0.56,0.5900
2026-01-08T02:14:14.493088Z,price_change,0.5900,SELL,2172,0.56,0.5900
2026-01-08T02:14:14.494147Z,price_change,0.6000,SELL,250,0.56,0.5900
2026-01-08T02:14:14.524017Z,price_change,0.6300,SELL,-500,0.56,0.5900
2026-01-08T02:14:14.527019Z,price_change,0.7700,SELL,-44,0.56,0.5900
2026-01-08T02:14:14.534925Z,price_change,0.7900,SELL,-1,0.56,0.5900
2026-01-08T02:14:14.534925Z,price_change,0.7300,SELL,1,0.56,0.5900
2026-01-08T02:14:14.561924Z,price_change,0.47,BUY,-2066,0.56,0.5900
2026-01-08T02:14:14.621701Z,price_change,0.6500,SELL,-1,0.56,0.5900
2026-01-08T02:14:14.621701Z,price_change,0.6300,SELL,13,0.56,0.5900
2026-01-08T02:14:14.634367Z,price_change,0.48,BUY,2083,0.56,0.5900
2026-01-08T02:14:14.772168Z,price_change,0.6100,SELL,-36,0.56,0.5900
2026-01-08T02:14:14.809185Z,price_change,0.5900,SELL,-1,0.56,0.5900
1767838454,last_trade_price,0.59,BUY,1,0.56,0.5900
2026-01-08T02:14:14.966218Z,price_change,0.6300,SELL,9,0.56,0.5900
2026-01-08T02:14:14.979542Z,price_change,0.7900,SELL,-1,0.56,0.5900
2026-01-08T02:14:14.979542Z,price_change,0.5800,SELL,1,0.56,0.5800
2026-01-08T02:14:15.018485Z,price_change,0.7300,SELL,-1,0.56,0.5800
2026-01-08T02:14:15.101189Z,price_change,0.56,BUY,-54,0.56,0.5800
1767838455,last_trade_price,0.44,SELL,54,0.56,0.5800
2026-01-08T02:14:15.109577Z,price_change,0.5700,SELL,5,0.56,0.5700
2026-01-08T02:14:15.182669Z,price_change,0.5700,SELL,-5,0.56,0.5800
2026-01-08T02:14:15.216408Z,price_change,0.6200,SELL,5,0.56,0.5800
2026-01-08T02:14:15.242115Z,price_change,0.6300,SELL,12,0.56,0.5800
2026-01-08T02:14:15.251121Z,price_change,0.6100,SELL,5,0.56,0.5800
2026-01-08T02:14:15.272446Z,price_change,0.6200,SELL,-5,0.56,0.5800
2026-01-08T02:14:15.291513Z,price_change,0.55,BUY,-10000,0.56,0.5800
2026-01-08T02:14:15.300269Z,price_change,0.54,BUY,-9950,0.56,0.5800
2026-01-08T02:14:15.307209Z,price_change,0.5800,SELL,5,0.56,0.5800
2026-01-08T02:14:15.322926Z,price_change,0.6100,SELL,-5,0.56,0.5800
2026-01-08T02:14:15.354344Z,price_change,0.5700,SELL,5,0.56,0.5700
2026-01-08T02:14:15.356519Z,price_change,0.5800,SELL,-1,0.56,0.5700
2026-01-08T02:14:15.368687Z,price_change,0.5800,SELL,-5,0.56,0.5700
2026-01-08T02:14:15.391701Z,price_change,0.52,BUY,-10000,0.56,0.5700
2026-01-08T02:14:15.440615Z,price_change,0.52,BUY,-250,0.56,0.5700
2026-01-08T02:14:15.443032Z,price_change,0.5700,SELL,-5,0.56,0.5900
2026-01-08T02:14:15.471616Z,price_change,0.49,BUY,250,0.56,0.5900
2026-01-08T02:14:15.478431Z,price_change,0.6100,SELL,5,0.56,0.5900
2026-01-08T02:14:15.520644Z,price_change,0.6300,SELL,-12,0.56,0.5900
2026-01-08T02:14:15.806044Z,price_change,0.53,BUY,-2500,0.56,0.5900
2026-01-08T02:14:15.823831Z,price_change,0.56,BUY,2500,0.56,0.5900
2026-01-08T02:14:15.838094Z,price_change,0.56,BUY,-1433,0.56,0.5900
2026-01-08T02:14:15.842146Z,price_change,0.55,BUY,-2172,0.56,0.5900
2026-01-08T02:14:15.844487Z,price_change,0.54,BUY,-167,0.56,0.5900
2026-01-08T02:14:15.85036Z,price_change,0.54,BUY,-2172,0.56,0.5900
2026-01-08T02:14:15.853732Z,price_change,0.57,BUY,1286,0.57,0.5900
2026-01-08T02:14:15.868008Z,price_change,0.51,BUY,500,0.57,0.5900
2026-01-08T02:14:15.885009Z,price_change,0.51,BUY,-500,0.57,0.5900
2026-01-08T02:14:15.888433Z,price_change,0.6000,SELL,-102,0.57,0.5900
2026-01-08T02:14:15.894196Z,price_change,0.6300,SELL,-9,0.57,0.5900
2026-01-08T02:14:15.898723Z,price_change,0.6100,SELL,214,0.57,0.5900
2026-01-08T02:14:15.924527Z,price_change,0.6000,SELL,-2172,0.57,0.5900
2026-01-08T02:14:15.925092Z,price_change,0.6100,SELL,-2172,0.57,0.5900
2026-01-08T02:14:15.925338Z,price_change,0.6000,SELL,-250,0.57,0.5900
2026-01-08T02:14:15.925424Z,price_change,0.5900,SELL,-2171,0.57,0.5900
2026-01-08T02:14:15.925645Z,price_change,0.5900,SELL,-167,0.57,0.5900
2026-01-08T02:14:15.926168Z,price_change,0.6000,SELL,-2172,0.57,0.5900
2026-01-08T02:14:15.926665Z,price_change,0.49,BUY,-250,0.57,0.5900
2026-01-08T02:14:15.927122Z,price_change,0.5900,SELL,-2172,0.57,0.5900
2026-01-08T02:14:15.928236Z,price_change,0.5900,SELL,-2172,0.57,0.6000
2026-01-08T02:14:15.941424Z,price_change,0.5,BUY,2172,0.57,0.6000
2026-01-08T02:14:15.944658Z,price_change,0.49,BUY,2172,0.57,0.6000
2026-01-08T02:14:15.94545Z,price_change,0.49,BUY,167,0.57,0.6000
2026-01-08T02:14:15.951042Z,price_change,0.7700,SELL,233,0.57,0.6000
2026-01-08T02:14:15.955458Z,price_change,0.49,BUY,250,0.57,0.6000
2026-01-08T02:14:15.969319Z,price_change,0.6000,SELL,2172,0.57,0.6000
2026-01-08T02:14:15.969404Z,price_change,0.6100,SELL,2172,0.57,0.6000
2026-01-08T02:14:15.971741Z,price_change,0.6000,SELL,2172,0.57,0.6000
2026-01-08T02:14:15.972536Z,price_change,0.6000,SELL,167,0.57,0.6000
2026-01-08T02:14:15.972995Z,price_change,0.6000,SELL,250,0.57,0.6000
2026-01-08T02:14:15.974534Z,price_change,0.6000,SELL,2172,0.57,0.6000
2026-01-08T02:14:15.975615Z,price_change,0.6200,SELL,2172,0.57,0.6000
2026-01-08T02:14:15.978632Z,price_change,0.7700,SELL,13,0.57,0.6000
2026-01-08T02:14:15.981373Z,price_change,0.6100,SELL,2172,0.57,0.6000
2026-01-08T02:14:15.992762Z,price_change,0.7700,SELL,-246,0.57,0.6000
2026-01-08T02:14:16.070911Z,price_change,0.6300,SELL,9,0.57,0.6000
2026-01-08T02:14:16.113282Z,price_change,0.56,BUY,-2500,0.57,0.6000
2026-01-08T02:14:16.210087Z,price_change,0.35,BUY,2500,0.57,0.6000
2026-01-08T02:14:16.282923Z,price_change,0.57,BUY,-42,0.57,0.6000
1767838456,last_trade_price,0.43,SELL,42,0.57,0.6000
2026-01-08T02:14:16.324881Z,price_change,0.6300,SELL,-9,0.57,0.6000
2026-01-08T02:14:16.406193Z,price_change,0.49,BUY,-1,0.57,0.6000
2026-01-08T02:14:16.406193Z,price_change,0.6100,SELL,-5,0.57,0.6000
2026-01-08T02:14:16.415681Z,price_change,0.35,BUY,-2500,0.57,0.6000
2026-01-08T02:14:16.416011Z,price_change,0.5900,SELL,153,0.57,0.5900
2026-01-08T02:14:16.424801Z,price_change,0.6100,SELL,-214,0.57,0.5900
2026-01-08T02:14:16.434415Z,price_change,0.57,BUY,-1244,0.56,0.5900
2026-01-08T02:14:16.438702Z,price_change,0.6000,SELL,355,0.56,0.5900
2026-01-08T02:14:16.446227Z,price_change,0.57,BUY,1145,0.57,0.5900
2026-01-08T02:14:16.447393Z,price_change,0.57,BUY,-1145,0.56,0.5900
2026-01-08T02:14:16.448513Z,price_change,0.6000,SELL,-355,0.56,0.5900
2026-01-08T02:14:16.448674Z,price_change,0.56,BUY,-1,0.5,0.5900
2026-01-08T02:14:16.448674Z,price_change,0.5500,SELL,5,0.5,0.5500
1767838456,last_trade_price,0.44,SELL,1,0.5,0.5500
2026-01-08T02:14:16.461011Z,price_change,0.6000,SELL,-2172,0.5,0.5500
2026-01-08T02:14:16.461856Z,price_change,0.51,BUY,1145,0.51,0.5500
2026-01-08T02:14:16.462464Z,price_change,0.6000,SELL,-250,0.51,0.5500
2026-01-08T02:14:16.463319Z,price_change,0.51,BUY,-1145,0.5,0.5500
2026-01-08T02:14:16.463587Z,price_change,0.6200,SELL,-2172,0.5,0.5500
2026-01-08T02:14:16.46416Z,price_change,0.6000,SELL,-2172,0.5,0.5500
2026-01-08T02:14:16.464176Z,price_change,0.6100,SELL,-2172,0.5,0.5500
2026-01-08T02:14:16.465501Z,price_change,0.5700,SELL,355,0.5,0.5500
2026-01-08T02:14:16.465585Z,price_change,0.6000,SELL,-167,0.5,0.5500
2026-01-08T02:14:16.466416Z,price_change,0.6100,SELL,-2172,0.5,0.5500
2026-01-08T02:14:16.473318Z,price_change,0.5,BUY,-2172,0.5,0.5500
2026-01-08T02:14:16.474428Z,price_change,0.51,BUY,1145,0.51,0.5500
2026-01-08T02:14:16.48473Z,price_change,0.51,BUY,-1145,0.5,0.5500
2026-01-08T02:14:16.498171Z,price_change,0.49,BUY,-250,0.5,0.5500
2026-01-08T02:14:16.498592Z,price_change,0.5,BUY,1145,0.5,0.5500
2026-01-08T02:14:16.500075Z,price_change,0.49,BUY,-167,0.5,0.5500
2026-01-08T02:14:16.50821Z,price_change,0.49,BUY,-2172,0.5,0.5500
2026-01-08T02:14:16.509804Z,price_change,0.6000,SELL,-2172,0.5,0.5500
2026-01-08T02:14:16.510231Z,price_change,0.7900,SELL,250,0.5,0.5500
2026-01-08T02:14:16.511105Z,price_change,0.5,BUY,500,0.5,0.5500
2026-01-08T02:14:16.511438Z,price_change,0.5800,SELL,167,0.5,0.5500
2026-01-08T02:14:16.524854Z,price_change,0.6300,SELL,-13,0.5,0.5500
2026-01-08T02:14:16.524854Z,price_change,0.6500,SELL,94,0.5,0.5500
2026-01-08T02:14:16.525875Z,price_change,0.6200,SELL,167,0.5,0.5500
2026-01-08T02:14:16.541446Z,price_change,0.6200,SELL,333,0.5,0.5500
2026-01-08T02:14:16.545662Z,price_change,0.5700,SELL,2172,0.5,0.5500
2026-01-08T02:14:16.547195Z,price_change,0.5900,SELL,2172,0.5,0.5500
2026-01-08T02:14:16.547516Z,price_change,0.5700,SELL,2172,0.5,0.5500
2026-01-08T02:14:16.547974Z,price_change,0.51,BUY,167,0.51,0.5500
2026-01-08T02:14:16.54886Z,price_change,0.5700,SELL,2172,0.51,0.5500
2026-01-08T02:14:16.549438Z,price_change,0.5800,SELL,2172,0.51,0.5500
2026-01-08T02:14:16.549858Z,price_change,0.51,BUY,250,0.51,0.5500
2026-01-08T02:14:16.549977Z,price_change,0.5800,SELL,2172,0.51,0.5500
2026-01-08T02:14:16.550287Z,price_change,0.5,BUY,2172,0.51,0.5500
2026-01-08T02:14:16.550699Z,price_change,0.51,BUY,2172,0.51,0.5500
2026-01-08T02:14:16.558909Z,price_change,0.5,BUY,-1145,0.51,0.5500
2026-01-08T02:14:16.563292Z,price_change,0.6200,SELL,-500,0.51,0.5500
2026-01-08T02:14:16.56807Z,price_change,0.7900,SELL,-250,0.51,0.5500
2026-01-08T02:14:16.568848Z,price_change,0.51,BUY,1145,0.51,0.5500
2026-01-08T02:14:16.570426Z,price_change,0.6500,SELL,-94,0.51,0.5500
2026-01-08T02:14:16.570426Z,price_change,0.6300,SELL,94,0.51,0.5500
2026-01-08T02:14:16.571157Z,price_change,0.5900,SELL,150,0.51,0.5500
2026-01-08T02:14:16.57319Z,price_change,0.5,BUY,-500,0.51,0.5500
2026-01-08T02:14:16.579028Z,price_change,0.51,BUY,-1145,0.51,0.5500
2026-01-08T02:14:16.582657Z,price_change,0.51,BUY,2500,0.51,0.5500
2026-01-08T02:14:16.59073Z,price_change,0.54,BUY,150,0.54,0.5500
2026-01-08T02:14:16.593761Z,price_change,0.51,BUY,150,0.54,0.5500
2026-01-08T02:14:16.593862Z,price_change,0.52,BUY,1145,0.54,0.5500
2026-01-08T02:14:16.599746Z,price_change,0.52,BUY,72,0.54,0.5500
2026-01-08T02:14:16.602362Z,price_change,0.6300,SELL,-94,0.54,0.5500
2026-01-08T02:14:16.602362Z,price_change,0.6200,SELL,94,0.54,0.5500
2026-01-08T02:14:16.603899Z,price_change,0.52,BUY,-1145,0.54,0.5500
2026-01-08T02:14:16.605198Z,price_change,0.51,BUY,-250,0.54,0.5500
2026-01-08T02:14:16.606815Z,price_change,0.5700,SELL,-355,0.54,0.5500
2026-01-08T02:14:16.608115Z,price_change,0.51,BUY,-167,0.54,0.5500
2026-01-08T02:14:16.60815Z,price_change,0.7900,SELL,250,0.54,0.5500
2026-01-08T02:14:16.611059Z,price_change,0.51,BUY,-150,0.54,0.5500
2026-01-08T02:14:16.615069Z,price_change,0.52,BUY,1145,0.54,0.5500
2026-01-08T02:14:16.617789Z,price_change,0.52,BUY,-1145,0.54,0.5500
2026-01-08T02:14:16.621942Z,price_change,0.5800,SELL,355,0.54,0.5500
2026-01-08T02:14:16.628529Z,price_change,0.5,BUY,-2172,0.54,0.5500
2026-01-08T02:14:16.629215Z,price_change,0.54,BUY,1145,0.54,0.5500
2026-01-08T02:14:16.63074Z,price_change,0.54,BUY,-1145,0.54,0.5500
2026-01-08T02:14:16.644133Z,price_change,0.54,BUY,1145,0.54,0.5500
2026-01-08T02:14:16.645465Z,price_change,0.5700,SELL,-2172,0.54,0.5500
2026-01-08T02:14:16.646248Z,price_change,0.5700,SELL,-2172,0.54,0.5500
2026-01-08T02:14:16.646577Z,price_change,0.54,BUY,-1145,0.54,0.5500
2026-01-08T02:14:16.649542Z,price_change,0.5700,SELL,-2172,0.54,0.5500
2026-01-08T02:14:16.662845Z,price_change,0.54,BUY,1145,0.54,0.5500
2026-01-08T02:14:16.666871Z,price_change,0.54,BUY,-1145,0.54,0.5500
2026-01-08T02:14:16.667987Z,price_change,0.54,BUY,167,0.54,0.5500
2026-01-08T02:14:16.668536Z,price_change,0.52,BUY,250,0.54,0.5500
2026-01-08T02:14:16.670113Z,price_change,0.51,BUY,-2172,0.54,0.5500
2026-01-08T02:14:16.677391Z,price_change,0.51,BUY,-2500,0.54,0.5500
2026-01-08T02:14:16.678881Z,price_change,0.54,BUY,1145,0.54,0.5500
2026-01-08T02:14:16.681357Z,price_change,0.54,BUY,-1145,0.54,0.5500
2026-01-08T02:14:16.690005Z,price_change,0.54,BUY,1145,0.54,0.5500
2026-01-08T02:14:16.691388Z,price_change,0.5700,SELL,2172,0.54,0.5500
2026-01-08T02:14:16.691887Z,price_change,0.5700,SELL,2172,0.54,0.5500
2026-01-08T02:14:16.692438Z,price_change,0.5700,SELL,2172,0.54,0.5500
2026-01-08T02:14:16.692863Z,price_change,0.54,BUY,-1145,0.54,0.5500
2026-01-08T02:14:16.701122Z,price_change,0.51,BUY,500,0.54,0.5500
2026-01-08T02:14:16.705581Z,price_change,0.5500,SELL,-5,0.54,0.5700
2026-01-08T02:14:16.705581Z,price_change,0.55,BUY,2167,0.55,0.5700
1767838456,last_trade_price,0.55,BUY,5,0.55,0.5700
2026-01-08T02:14:16.705804Z,price_change,0.54,BUY,1145,0.55,0.5700
2026-01-08T02:14:16.709342Z,price_change,0.54,BUY,-1145,0.55,0.5700
2026-01-08T02:14:16.712538Z,price_change,0.54,BUY,2172,0.55,0.5700
2026-01-08T02:14:16.722653Z,price_change,0.5800,SELL,-355,0.55,0.5700
2026-01-08T02:14:16.724515Z,price_change,0.52,BUY,-250,0.55,0.5700
2026-01-08T02:14:16.72782Z,price_change,0.55,BUY,1145,0.55,0.5700
2026-01-08T02:14:16.734794Z,price_change,0.51,BUY,-500,0.55,0.5700
2026-01-08T02:14:16.737747Z,price_change,0.5900,SELL,355,0.55,0.5700
2026-01-08T02:14:16.74154Z,price_change,0.55,BUY,-1145,0.55,0.5700
2026-01-08T02:14:16.750603Z,price_change,0.56,BUY,1145,0.56,0.5700
2026-01-08T02:14:16.751115Z,price_change,0.5700,SELL,-810,0.56,0.5700
1767838456,last_trade_price,0.57,BUY,810,0.56,0.5700
2026-01-08T02:14:16.758983Z,price_change,0.52,BUY,250,0.56,0.5700
2026-01-08T02:14:16.778737Z,price_change,0.5700,SELL,-1362,0.56,0.5700
2026-01-08T02:14:16.780389Z,price_change,0.35,BUY,-150,0.56,0.5700
2026-01-08T02:14:16.781423Z,price_change,0.5700,SELL,-2172,0.56,0.5700
2026-01-08T02:14:16.78411Z,price_change,0.5700,SELL,-2172,0.56,0.5800
2026-01-08T02:14:16.784319Z,price_change,0.5900,SELL,-153,0.56,0.5800
2026-01-08T02:14:16.786332Z,price_change,0.52,BUY,-72,0.56,0.5800
2026-01-08T02:14:16.799554Z,price_change,0.52,BUY,-250,0.56,0.5800
2026-01-08T02:14:16.800181Z,price_change,0.5900,SELL,-355,0.56,0.5800
2026-01-08T02:14:16.813945Z,price_change,0.6000,SELL,355,0.56,0.5800
2026-01-08T02:14:16.826005Z,price_change,0.51,BUY,8,0.56,0.5800
2026-01-08T02:14:16.826855Z,price_change,0.5800,SELL,13,0.56,0.5800
2026-01-08T02:14:16.828719Z,price_change,0.5900,SELL,2172,0.56,0.5800
2026-01-08T02:14:16.82919Z,price_change,0.5800,SELL,2172,0.56,0.5800
2026-01-08T02:14:16.82963Z,price_change,0.6000,SELL,2172,0.56,0.5800
2026-01-08T02:14:16.843898Z,price_change,0.49,BUY,250,0.56,0.5800
2026-01-08T02:14:16.847301Z,price_change,0.7900,SELL,-250,0.56,0.5800
2026-01-08T02:14:16.886325Z,price_change,0.6000,SELL,250,0.56,0.5800
2026-01-08T02:14:16.906225Z,price_change,0.5800,SELL,-13,0.56,0.5800
2026-01-08T02:14:16.910736Z,price_change,0.51,BUY,-8,0.56,0.5800
2026-01-08T02:14:16.928891Z,price_change,0.6200,SELL,-94,0.56,0.5800
2026-01-08T02:14:16.928891Z,price_change,0.6300,SELL,94,0.56,0.5800
2026-01-08T02:14:17.008749Z,price_change,0.56,BUY,2500,0.56,0.5800
2026-01-08T02:14:17.052302Z,price_change,0.56,BUY,-1145,0.56,0.5800
2026-01-08T02:14:17.064495Z,price_change,0.57,BUY,1145,0.57,0.5800
2026-01-08T02:14:17.172089Z,price_change,0.48,BUY,-2083,0.57,0.5800
2026-01-08T02:14:17.214565Z,price_change,0.49,BUY,-250,0.57,0.5800
2026-01-08T02:14:17.252905Z,price_change,0.06,BUY,167,0.57,0.5800
2026-01-08T02:14:17.254533Z,price_change,0.38,BUY,250,0.57,0.5800
2026-01-08T02:14:17.720102Z,price_change,0.5800,SELL,-163,0.57,0.5800
1767838457,last_trade_price,0.58,BUY,163,0.57,0.5800
2026-01-08T02:14:17.720102Z,price_change,0.5800,SELL,-4,0.57,0.5800
2026-01-08T02:14:18.438444Z,price_change,0.57,BUY,-41,0.57,0.5800
1767838458,last_trade_price,0.43,SELL,41,0.57,0.5800
2026-01-08T02:14:18.507472Z,price_change,0.7700,SELL,691,0.57,0.5800
2026-01-08T02:14:18.511013Z,price_change,0.39,BUY,691,0.57,0.5800
2026-01-08T02:14:18.551363Z,price_change,0.38,BUY,-250,0.57,0.5800
2026-01-08T02:14:18.594936Z,price_change,0.4,BUY,250,0.57,0.5800
2026-01-08T02:14:18.917069Z,price_change,0.57,BUY,-213,0.57,0.5800
1767838458,last_trade_price,0.43,SELL,213,0.57,0.5800
2026-01-08T02:14:18.929143Z,price_change,0.57,BUY,-891,0.56,0.5800
2026-01-08T02:14:18.931899Z,price_change,0.6000,SELL,-355,0.56,0.5800
2026-01-08T02:14:18.93862Z,price_change,0.56,BUY,863,0.56,0.5800
2026-01-08T02:14:18.94452Z,price_change,0.5900,SELL,636,0.56,0.5800
2026-01-08T02:14:18.97621Z,price_change,0.6000,SELL,-250,0.56,0.5800
2026-01-08T02:14:19.007457Z,price_change,0.7600,SELL,250,0.56,0.5800
2026-01-08T02:14:19.091647Z,price_change,0.56,BUY,-5,0.56,0.5800
1767838459,last_trade_price,0.44,SELL,5,0.56,0.5800
2026-01-08T02:14:19.182041Z,price_change,0.48,BUY,690,0.56,0.5800
2026-01-08T02:14:19.184294Z,price_change,0.6100,SELL,690,0.56,0.5800
2026-01-08T02:14:19.226427Z,price_change,0.7600,SELL,-250,0.56,0.5800
2026-01-08T02:14:19.226615Z,price_change,0.4,BUY,-250,0.56,0.5800
2026-01-08T02:14:19.259151Z,price_change,0.5900,SELL,-150,0.56,0.5800
2026-01-08T02:14:19.259151Z,price_change,0.54,BUY,-150,0.56,0.5800
2026-01-08T02:14:19.260971Z,price_change,0.49,BUY,250,0.56,0.5800
2026-01-08T02:14:19.261322Z,price_change,0.6000,SELL,250,0.56,0.5800
2026-01-08T02:14:19.300644Z,price_change,0.54,BUY,-167,0.56,0.5800
2026-01-08T02:14:19.301889Z,price_change,0.54,BUY,-2172,0.56,0.5800
2026-01-08T02:14:19.302904Z,price_change,0.55,BUY,-2167,0.56,0.5800
2026-01-08T02:14:19.325438Z,price_change,0.51,BUY,500,0.56,0.5800
2026-01-08T02:14:19.337281Z,price_change,0.49,BUY,167,0.56,0.5800
2026-01-08T02:14:19.345657Z,price_change,0.49,BUY,2172,0.56,0.5800
2026-01-08T02:14:19.356209Z,price_change,0.5,BUY,2172,0.56,0.5800
2026-01-08T02:14:19.360073Z,price_change,0.56,BUY,-2495,0.56,0.5800
2026-01-08T02:14:19.363002Z,price_change,0.49,BUY,-250,0.56,0.5800
2026-01-08T02:14:19.370782Z,price_change,0.49,BUY,-167,0.56,0.5800
2026-01-08T02:14:19.371462Z,price_change,0.56,BUY,-863,0.51,0.5800
2026-01-08T02:14:19.38059Z,price_change,0.52,BUY,2500,0.52,0.5800
2026-01-08T02:14:19.384648Z,price_change,0.52,BUY,863,0.52,0.5800
2026-01-08T02:14:19.387559Z,price_change,0.52,BUY,-863,0.52,0.5800
2026-01-08T02:14:19.388851Z,price_change,0.5900,SELL,-636,0.52,0.5800
2026-01-08T02:14:19.396048Z,price_change,0.5,BUY,-2172,0.52,0.5800
2026-01-08T02:14:19.397006Z,price_change,0.53,BUY,863,0.53,0.5800
2026-01-08T02:14:19.398404Z,price_change,0.49,BUY,-2172,0.53,0.5800
2026-01-08T02:14:19.399545Z,price_change,0.5800,SELL,636,0.53,0.5800
2026-01-08T02:14:19.416253Z,price_change,0.52,BUY,167,0.53,0.5800
2026-01-08T02:14:19.420498Z,price_change,0.51,BUY,-500,0.53,0.5800
2026-01-08T02:14:19.422594Z,price_change,0.5900,SELL,-2172,0.53,0.5800
2026-01-08T02:14:19.424694Z,price_change,0.06,BUY,-167,0.53,0.5800
2026-01-08T02:14:19.427759Z,price_change,0.5800,SELL,-2172,0.53,0.5800
2026-01-08T02:14:19.4279Z,price_change,0.5800,SELL,-2172,0.53,0.5800
2026-01-08T02:14:19.427929Z,price_change,0.5800,SELL,-2172,0.53,0.5800
2026-01-08T02:14:19.428113Z,price_change,0.5900,SELL,-2172,0.53,0.5800
2026-01-08T02:14:19.431848Z,price_change,0.6300,SELL,-94,0.53,0.5800
2026-01-08T02:14:19.431848Z,price_change,0.6200,SELL,94,0.53,0.5800
2026-01-08T02:14:19.433345Z,price_change,0.6000,SELL,-250,0.53,0.5800
2026-01-08T02:14:19.443244Z,price_change,0.5800,SELL,-636,0.53,0.6000
2026-01-08T02:14:19.44725Z,price_change,0.52,BUY,-167,0.53,0.6000
2026-01-08T02:14:19.454141Z,price_change,0.5900,SELL,636,0.53,0.5900
2026-01-08T02:14:19.467406Z,price_change,0.53,BUY,1,0.53,0.5900
2026-01-08T02:14:19.473367Z,price_change,0.52,BUY,-2500,0.53,0.5900
2026-01-08T02:14:19.492222Z,price_change,0.53,BUY,2172,0.53,0.5900
2026-01-08T02:14:19.49303Z,price_change,0.54,BUY,167,0.54,0.5900
2026-01-08T02:14:19.493378Z,price_change,0.51,BUY,250,0.54,0.5900
2026-01-08T02:14:19.494028Z,price_change,0.5900,SELL,250,0.54,0.5900
2026-01-08T02:14:19.494243Z,price_change,0.54,BUY,2172,0.54,0.5900
2026-01-08T02:14:19.503681Z,price_change,0.5800,SELL,2172,0.54,0.5800
2026-01-08T02:14:19.504234Z,price_change,0.53,BUY,-863,0.54,0.5800
2026-01-08T02:14:19.505105Z,price_change,0.5800,SELL,2172,0.54,0.5800
2026-01-08T02:14:19.506598Z,price_change,0.5800,SELL,2172,0.54,0.5800
2026-01-08T02:14:19.507771Z,price_change,0.5900,SELL,2172,0.54,0.5800
2026-01-08T02:14:19.508552Z,price_change,0.53,BUY,167,0.54,0.5800
2026-01-08T02:14:19.50908Z,price_change,0.5900,SELL,2172,0.54,0.5800
2026-01-08T02:14:19.514618Z,price_change,0.54,BUY,863,0.54,0.5800
2026-01-08T02:14:19.515911Z,price_change,0.5900,SELL,-636,0.54,0.5800
2026-01-08T02:14:19.517689Z,price_change,0.6000,SELL,1,0.54,0.5800
2026-01-08T02:14:19.525574Z,price_change,0.5700,SELL,636,0.54,0.5700
2026-01-08T02:14:19.539746Z,price_change,0.54,BUY,-2172,0.54,0.5700
2026-01-08T02:14:19.540792Z,price_change,0.54,BUY,-863,0.54,0.5700
2026-01-08T02:14:19.541367Z,price_change,0.53,BUY,-167,0.54,0.5700
2026-01-08T02:14:19.541948Z,price_change,0.5700,SELL,-636,0.54,0.5800
2026-01-08T02:14:19.542138Z,price_change,0.53,BUY,-2172,0.54,0.5800
2026-01-08T02:14:19.543576Z,price_change,0.51,BUY,-250,0.54,0.5800
2026-01-08T02:14:19.550962Z,price_change,0.54,BUY,-167,0.53,0.5800
2026-01-08T02:14:19.55199Z,price_change,0.55,BUY,863,0.55,0.5800
2026-01-08T02:14:19.553311Z,price_change,0.5800,SELL,636,0.55,0.5800
2026-01-08T02:14:19.554591Z,price_change,0.55,BUY,-863,0.53,0.5800
2026-01-08T02:14:19.556704Z,price_change,0.5900,SELL,-2172,0.53,0.5800
2026-01-08T02:14:19.557274Z,price_change,0.5800,SELL,-2172,0.53,0.5800
2026-01-08T02:14:19.558065Z,price_change,0.5800,SELL,-2172,0.53,0.5800
2026-01-08T02:14:19.558432Z,price_change,0.5800,SELL,-2172,0.53,0.5800
2026-01-08T02:14:19.559901Z,price_change,0.5900,SELL,-2172,0.53,0.5800
2026-01-08T02:14:19.563524Z,price_change,0.6000,SELL,1,0.53,0.5800
2026-01-08T02:14:19.569018Z,price_change,0.49,BUY,168,0.53,0.5800
2026-01-08T02:14:19.569749Z,price_change,0.51,BUY,863,0.53,0.5800
2026-01-08T02:14:19.571215Z,price_change,0.51,BUY,-863,0.53,0.5800
2026-01-08T02:14:19.572297Z,price_change,0.5900,SELL,-250,0.53,0.5800
2026-01-08T02:14:19.576039Z,price_change,0.48,BUY,2172,0.53,0.5800
2026-01-08T02:14:19.577051Z,price_change,0.49,BUY,167,0.53,0.5800
2026-01-08T02:14:19.577757Z,price_change,0.49,BUY,2172,0.53,0.5800
2026-01-08T02:14:19.579139Z,price_change,0.49,BUY,250,0.53,0.5800
2026-01-08T02:14:19.583494Z,price_change,0.6000,SELL,-1,0.53,0.5800
2026-01-08T02:14:19.583494Z,price_change,0.5800,SELL,1,0.53,0.5800
2026-01-08T02:14:19.584621Z,price_change,0.06,BUY,167,0.53,0.5800
2026-01-08T02:14:19.586229Z,price_change,0.53,BUY,863,0.53,0.5800
2026-01-08T02:14:19.58749Z,price_change,0.53,BUY,-863,0.53,0.5800
2026-01-08T02:14:19.588704Z,price_change,0.5800,SELL,-636,0.53,0.5800
2026-01-08T02:14:19.596613Z,price_change,0.49,BUY,-168,0.53,0.5800
2026-01-08T02:14:19.601496Z,price_change,0.53,BUY,863,0.53,0.5800
2026-01-08T02:14:19.60265Z,price_change,0.5800,SELL,636,0.53,0.5800
2026-01-08T02:14:19.607713Z,price_change,0.53,BUY,-863,0.53,0.5800
2026-01-08T02:14:19.610216Z,price_change,0.6200,SELL,-94,0.53,0.5800
2026-01-08T02:14:19.610216Z,price_change,0.6100,SELL,94,0.53,0.5800
2026-01-08T02:14:19.610287Z,price_change,0.5800,SELL,-636,0.53,0.5800
2026-01-08T02:14:19.612596Z,price_change,0.5,BUY,500,0.53,0.5800
2026-01-08T02:14:19.619738Z,price_change,0.53,BUY,863,0.53,0.5800
2026-01-08T02:14:19.622114Z,price_change,0.6000,SELL,250,0.53,0.5800
2026-01-08T02:14:19.622277Z,price_change,0.5800,SELL,636,0.53,0.5800
2026-01-08T02:14:19.623597Z,price_change,0.53,BUY,-863,0.53,0.5800
2026-01-08T02:14:19.623688Z,price_change,0.49,BUY,-167,0.53,0.5800
2026-01-08T02:14:19.62406Z,price_change,0.48,BUY,-2172,0.53,0.5800
2026-01-08T02:14:19.624937Z,price_change,0.5800,SELL,-636,0.53,0.5800
2026-01-08T02:14:19.625738Z,price_change,0.49,BUY,-250,0.53,0.5800
2026-01-08T02:14:19.627746Z,price_change,0.6000,SELL,-2172,0.53,0.5800
2026-01-08T02:14:19.635277Z,price_change,0.53,BUY,863,0.53,0.5800
2026-01-08T02:14:19.636544Z,price_change,0.53,BUY,-863,0.53,0.5800
2026-01-08T02:14:19.641109Z,price_change,0.5800,SELL,636,0.53,0.5800
2026-01-08T02:14:19.642247Z,price_change,0.5800,SELL,-636,0.53,0.5800
2026-01-08T02:14:19.6502Z,price_change,0.53,BUY,863,0.53,0.5800
2026-01-08T02:14:19.652991Z,price_change,0.53,BUY,-863,0.53,0.5800
2026-01-08T02:14:19.654207Z,price_change,0.6000,SELL,500,0.53,0.5800
2026-01-08T02:14:19.654799Z,price_change,0.5800,SELL,50,0.53,0.5800
2026-01-08T02:14:19.654973Z,price_change,0.5800,SELL,636,0.53,0.5800
2026-01-08T02:14:19.655919Z,price_change,0.5800,SELL,-1,0.53,0.5800
2026-01-08T02:14:19.655919Z,price_change,0.5900,SELL,1,0.53,0.5800
2026-01-08T02:14:19.6577Z,price_change,0.51,BUY,52,0.53,0.5800
2026-01-08T02:14:19.659015Z,price_change,0.5900,SELL,127,0.53,0.5800
2026-01-08T02:14:19.659911Z,price_change,0.5800,SELL,-636,0.53,0.5800
2026-01-08T02:14:19.660756Z,price_change,0.5900,SELL,2172,0.53,0.5800
2026-01-08T02:14:19.661577Z,price_change,0.5800,SELL,2172,0.53,0.5800
2026-01-08T02:14:19.661616Z,price_change,0.51,BUY,167,0.53,0.5800
2026-01-08T02:14:19.663863Z,price_change,0.49,BUY,-2172,0.53,0.5800
2026-01-08T02:14:19.664425Z,price_change,0.5700,SELL,2172,0.53,0.5700
2026-01-08T02:14:19.666027Z,price_change,0.5700,SELL,2172,0.53,0.5700
2026-01-08T02:14:19.666509Z,price_change,0.6000,SELL,-1,0.53,0.5700
2026-01-08T02:14:19.666509Z,price_change,0.5900,SELL,1,0.53,0.5700
2026-01-08T02:14:19.669523Z,price_change,0.53,BUY,863,0.53,0.5700
2026-01-08T02:14:19.673069Z,price_change,0.53,BUY,-863,0.53,0.5700
2026-01-08T02:14:19.673832Z,price_change,0.51,BUY,133,0.53,0.5700
2026-01-08T02:14:19.67563Z,price_change,0.5800,SELL,636,0.53,0.5700
2026-01-08T02:14:19.677011Z,price_change,0.5800,SELL,-636,0.53,0.5700
2026-01-08T02:14:19.682927Z,price_change,0.6000,SELL,-500,0.53,0.5700
2026-01-08T02:14:19.684502Z,price_change,0.51,BUY,250,0.53,0.5700
2026-01-08T02:14:19.685367Z,price_change,0.53,BUY,863,0.53,0.5700
2026-01-08T02:14:19.688Z,price_change,0.5700,SELL,636,0.53,0.5700
2026-01-08T02:14:19.688983Z,price_change,0.53,BUY,-863,0.53,0.5700
2026-01-08T02:14:19.689487Z,price_change,0.5700,SELL,2172,0.53,0.5700
2026-01-08T02:14:19.690899Z,price_change,0.48,BUY,-690,0.53,0.5700
2026-01-08T02:14:19.691984Z,price_change,0.6100,SELL,-690,0.53,0.5700
2026-01-08T02:14:19.699123Z,price_change,0.53,BUY,863,0.53,0.5700
2026-01-08T02:14:19.701606Z,price_change,0.53,BUY,-863,0.53,0.5700
2026-01-08T02:14:19.703796Z,price_change,0.6000,SELL,-250,0.53,0.5700
2026-01-08T02:14:19.704042Z,price_change,0.5,BUY,2172,0.53,0.5700
2026-01-08T02:14:19.704195Z,price_change,0.53,BUY,-1,0.51,0.5700
2026-01-08T02:14:19.71004Z,price_change,0.51,BUY,2172,0.51,0.5700
2026-01-08T02:14:19.71452Z,price_change,0.53,BUY,863,0.53,0.5700
2026-01-08T02:14:19.71631Z,price_change,0.5800,SELL,2172,0.53,0.5700
2026-01-08T02:14:19.716955Z,price_change,0.5,BUY,-500,0.53,0.5700
2026-01-08T02:14:19.717619Z,price_change,0.53,BUY,-863,0.51,0.5700
2026-01-08T02:14:19.731259Z,price_change,0.5900,SELL,-1,0.51,0.5700
2026-01-08T02:14:19.731259Z,price_change,0.5800,SELL,1,0.51,0.5700
2026-01-08T02:14:19.7319Z,price_change,0.52,BUY,863,0.52,0.5700
2026-01-08T02:14:19.742804Z,price_change,0.5900,SELL,250,0.52,0.5700
2026-01-08T02:14:19.752785Z,price_change,0.51,BUY,-167,0.52,0.5700
2026-01-08T02:14:19.7535Z,price_change,0.5900,SELL,-2172,0.52,0.5700
2026-01-08T02:14:19.75481Z,price_change,0.51,BUY,-2172,0.52,0.5700
2026-01-08T02:14:19.756169Z,price_change,0.5,BUY,-2172,0.52,0.5700
2026-01-08T02:14:19.757388Z,price_change,0.5800,SELL,-2172,0.52,0.5700
2026-01-08T02:14:19.757916Z,price_change,0.5700,SELL,-2172,0.52,0.5700
2026-01-08T02:14:19.769618Z,price_change,0.5900,SELL,-1,0.52,0.5700
2026-01-08T02:14:19.769618Z,price_change,0.5800,SELL,1,0.52,0.5700
2026-01-08T02:14:19.783629Z,price_change,0.52,BUY,2500,0.52,0.5700
2026-01-08T02:14:19.793045Z,price_change,0.52,BUY,-863,0.52,0.5700
2026-01-08T02:14:19.793701Z,price_change,0.53,BUY,167,0.53,0.5700
2026-01-08T02:14:19.80221Z,price_change,0.5700,SELL,48,0.53,0.5700
2026-01-08T02:14:19.804743Z,price_change,0.53,BUY,863,0.53,0.5700
2026-01-08T02:14:19.809332Z,price_change,0.5600,SELL,2172,0.53,0.5600
2026-01-08T02:14:19.809682Z,price_change,0.5600,SELL,2172,0.53,0.5600
2026-01-08T02:14:19.810235Z,price_change,0.5600,SELL,2172,0.53,0.5600
2026-01-08T02:14:19.829031Z,price_change,0.06,BUY,-167,0.53,0.5600
2026-01-08T02:14:19.830284Z,price_change,0.53,BUY,2172,0.53,0.5600
2026-01-08T02:14:19.832286Z,price_change,0.52,BUY,2172,0.53,0.5600
2026-01-08T02:14:19.842127Z,price_change,0.53,BUY,-863,0.53,0.5600
2026-01-08T02:14:19.853539Z,price_change,0.54,BUY,863,0.54,0.5600
2026-01-08T02:14:19.863669Z,price_change,0.52,BUY,167,0.54,0.5600
2026-01-08T02:14:19.876777Z,price_change,0.52,BUY,-2500,0.54,0.5600
2026-01-08T02:14:19.887756Z,price_change,0.52,BUY,-2172,0.54,0.5600
2026-01-08T02:14:19.934913Z,price_change,0.53,BUY,-167,0.54,0.5600
2026-01-08T02:14:19.935376Z,price_change,0.54,BUY,2172,0.54,0.5600
2026-01-08T02:14:19.936297Z,price_change,0.52,BUY,-167,0.54,0.5600
2026-01-08T02:14:19.972245Z,price_change,0.52,BUY,167,0.54,0.5600
2026-01-08T02:14:19.997501Z,price_change,0.06,BUY,167,0.54,0.5600
2026-01-08T02:14:20.001239Z,price_change,0.5900,SELL,-127,0.54,0.5600
2026-01-08T02:14:20.001239Z,price_change,0.51,BUY,-133,0.54,0.5600
2026-01-08T02:14:20.001239Z,price_change,0.51,BUY,-52,0.54,0.5600
2026-01-08T02:14:20.048446Z,price_change,0.5900,SELL,-250,0.54,0.5600
2026-01-08T02:14:20.050522Z,price_change,0.52,BUY,-167,0.54,0.5600
2026-01-08T02:14:20.053337Z,price_change,0.51,BUY,-250,0.54,0.5600
2026-01-08T02:14:20.094427Z,price_change,0.5700,SELL,-48,0.54,0.5600
2026-01-08T02:14:20.1003Z,price_change,0.4,BUY,250,0.54,0.5600
2026-01-08T02:14:20.10343Z,price_change,0.7600,SELL,250,0.54,0.5600
2026-01-08T02:14:20.103856Z,price_change,0.4,BUY,167,0.54,0.5600
2026-01-08T02:14:20.156545Z,price_change,0.54,BUY,2500,0.54,0.5600
2026-01-08T02:14:20.23721Z,price_change,0.5800,SELL,-50,0.54,0.5600
2026-01-08T02:14:20.26695Z,price_change,0.52,BUY,10,0.54,0.5600
2026-01-08T02:14:20.268059Z,price_change,0.5700,SELL,13,0.54,0.5600
2026-01-08T02:14:20.289374Z,price_change,0.5800,SELL,-1,0.54,0.5600
2026-01-08T02:14:20.289374Z,price_change,0.5700,SELL,2,0.54,0.5600
2026-01-08T02:14:20.352601Z,price_change,0.5700,SELL,-13,0.54,0.5600
2026-01-08T02:14:20.353938Z,price_change,0.52,BUY,-10,0.54,0.5600
2026-01-08T02:14:20.657712Z,price_change,0.5800,SELL,-1,0.54,0.5600
2026-01-08T02:14:20.657712Z,price_change,0.5600,SELL,1,0.54,0.5600
2026-01-08T02:14:20.87629Z,price_change,0.7400,SELL,2000,0.54,0.5600
2026-01-08T02:14:20.915615Z,price_change,0.9300,SELL,-167,0.54,0.5600
2026-01-08T02:14:20.918554Z,price_change,0.7600,SELL,-250,0.54,0.5600
2026-01-08T02:14:20.964011Z,price_change,0.7300,SELL,167,0.54,0.5600
2026-01-08T02:14:20.969843Z,price_change,0.7300,SELL,250,0.54,0.5600
2026-01-08T02:14:20.988296Z,price_change,0.5600,SELL,-4,0.54,0.5600
1767838460,last_trade_price,0.56,BUY,4,0.54,0.5600
2026-01-08T02:14:21.000721Z,price_change,0.39,BUY,-691,0.54,0.5600
2026-01-08T02:14:21.000721Z,price_change,0.7700,SELL,-691,0.54,0.5600
2026-01-08T02:14:21.055216Z,price_change,0.4,BUY,-167,0.54,0.5600
2026-01-08T02:14:21.057184Z,price_change,0.4,BUY,-250,0.54,0.5600
2026-01-08T02:14:21.091765Z,price_change,0.38,BUY,250,0.54,0.5600
2026-01-08T02:14:21.093023Z,price_change,0.38,BUY,167,0.54,0.5600
2026-01-08T02:14:21.171802Z,price_change,0.48,BUY,-21,0.54,0.5600
2026-01-08T02:14:21.257338Z,price_change,0.55,BUY,25,0.55,0.5600
2026-01-08T02:14:21.786068Z,price_change,0.55,BUY,-25,0.54,0.5600
2026-01-08T02:14:21.786068Z,price_change,0.54,BUY,-75,0.54,0.5600
1767838461,last_trade_price,0.45,SELL,25,0.54,0.5600
1767838461,last_trade_price,0.46,SELL,75,0.54,0.5600
2026-01-08T02:14:21.814396Z,price_change,0.37,BUY,-414,0.54,0.5600
2026-01-08T02:14:21.816755Z,price_change,0.15,BUY,414,0.54,0.5600
2026-01-08T02:14:21.829047Z,price_change,0.6900,SELL,150,0.54,0.5600
2026-01-08T02:14:21.853164Z,price_change,0.38,BUY,-167,0.54,0.5600
2026-01-08T02:14:21.85376Z,price_change,0.38,BUY,-250,0.54,0.5600
2026-01-08T02:14:21.862999Z,price_change,0.14,BUY,-668,0.54,0.5600
2026-01-08T02:14:21.871902Z,price_change,0.7300,SELL,-250,0.54,0.5600
2026-01-08T02:14:21.887791Z,price_change,0.35,BUY,250,0.54,0.5600
2026-01-08T02:14:21.890001Z,price_change,0.35,BUY,167,0.54,0.5600
2026-01-08T02:14:21.893929Z,price_change,0.16,BUY,668,0.54,0.5600
2026-01-08T02:14:21.915512Z,price_change,0.54,BUY,2406,0.54,0.5600
2026-01-08T02:14:21.923218Z,price_change,0.6800,SELL,250,0.54,0.5600
2026-01-08T02:14:22.059268Z,price_change,0.7200,SELL,690,0.54,0.5600
2026-01-08T02:14:22.359728Z,price_change,0.54,BUY,-2406,0.54,0.5600
2026-01-08T02:14:22.435958Z,price_change,0.55,BUY,2393,0.55,0.5600
2026-01-08T02:14:22.445935Z,price_change,0.5600,SELL,7500,0.55,0.5600
2026-01-08T02:14:23.194121Z,price_change,0.55,BUY,-19,0.55,0.5600
1767838463,last_trade_price,0.45,SELL,19,0.55,0.5600
2026-01-08T02:14:23.346954Z,price_change,0.55,BUY,50000,0.55,0.5600
2026-01-08T02:14:23.65137Z,price_change,0.7400,SELL,-2000,0.55,0.5600
2026-01-08T02:14:23.652933Z,price_change,0.7200,SELL,-690,0.55,0.5600
2026-01-08T02:14:23.689711Z,price_change,0.7300,SELL,-167,0.55,0.5600
2026-01-08T02:14:23.692278Z,price_change,0.53,BUY,-2172,0.55,0.5600
2026-01-08T02:14:23.694372Z,price_change,0.54,BUY,-2172,0.55,0.5600
2026-01-08T02:14:23.702884Z,price_change,0.5600,SELL,-1,0.55,0.5600
2026-01-08T02:14:23.702884Z,price_change,0.5700,SELL,1,0.55,0.5600
2026-01-08T02:14:23.739682Z,price_change,0.9300,SELL,165,0.55,0.5600
2026-01-08T02:14:23.740824Z,price_change,0.36,BUY,2147,0.55,0.5600
2026-01-08T02:14:23.741433Z,price_change,0.35,BUY,2147,0.55,0.5600
2026-01-08T02:14:23.891597Z,price_change,0.6900,SELL,-150,0.55,0.5600
2026-01-08T02:14:23.925672Z,price_change,0.6800,SELL,-250,0.55,0.5600
2026-01-08T02:14:23.92789Z,price_change,0.5600,SELL,-1400,0.55,0.5600
1767838463,last_trade_price,0.56,BUY,1400,0.55,0.5600
2026-01-08T02:14:23.962489Z,price_change,0.7900,SELL,247,0.55,0.5600
2026-01-08T02:14:23.969677Z,price_change,0.36,BUY,-2147,0.55,0.5600
2026-01-08T02:14:23.969904Z,price_change,0.35,BUY,-2147,0.55,0.5600
2026-01-08T02:14:24.012818Z,price_change,0.54,BUY,2147,0.55,0.5600
2026-01-08T02:14:24.016498Z,price_change,0.53,BUY,2147,0.55,0.5600
2026-01-08T02:14:24.083594Z,price_change,0.5700,SELL,-1,0.55,0.5600
2026-01-08T02:14:24.369805Z,price_change,0.55,BUY,-50,0.55,0.5600
1767838464,last_trade_price,0.45,SELL,50,0.55,0.5600
2026-01-08T02:14:24.394158Z,price_change,0.6100,SELL,-1,0.55,0.5600
2026-01-08T02:14:24.6727Z,price_change,0.5600,SELL,-20,0.55,0.5600
1767838464,last_trade_price,0.56,BUY,20,0.55,0.5600
2026-01-08T02:14:25.058069Z,price_change,0.53,BUY,2000,0.55,0.5600
2026-01-08T02:14:25.059094Z,price_change,0.6900,SELL,2000,0.55,0.5600
2026-01-08T02:14:25.131745Z,price_change,0.9300,SELL,-165,0.55,0.5600
2026-01-08T02:14:25.134426Z,price_change,0.7900,SELL,-247,0.55,0.5600
2026-01-08T02:14:25.135821Z,price_change,0.35,BUY,-167,0.55,0.5600
2026-01-08T02:14:25.16745Z,price_change,0.53,BUY,165,0.55,0.5600
2026-01-08T02:14:25.168636Z,price_change,0.6800,SELL,165,0.55,0.5600
2026-01-08T02:14:25.169497Z,price_change,0.6800,SELL,247,0.55,0.5600
2026-01-08T02:14:25.557488Z,price_change,0.54,BUY,-2147,0.55,0.5600
2026-01-08T02:14:25.593486Z,price_change,0.52,BUY,2147,0.55,0.5600
2026-01-08T02:14:25.716413Z,price_change,0.53,BUY,-2000,0.55,0.5600
2026-01-08T02:14:25.717479Z,price_change,0.6900,SELL,-2000,0.55,0.5600
2026-01-08T02:14:25.761098Z,price_change,0.5600,SELL,-42,0.55,0.5600
1767838465,last_trade_price,0.56,BUY,42,0.55,0.5600
2026-01-08T02:14:25.763401Z,price_change,0.52,BUY,-2147,0.55,0.5600
2026-01-08T02:14:25.763582Z,price_change,0.6800,SELL,-247,0.55,0.5600
2026-01-08T02:14:25.765019Z,price_change,0.6800,SELL,-165,0.55,0.5600
2026-01-08T02:14:25.765733Z,price_change,0.53,BUY,-2147,0.55,0.5600
2026-01-08T02:14:25.766356Z,price_change,0.53,BUY,-165,0.55,0.5600
2026-01-08T02:14:25.8074Z,price_change,0.35,BUY,2147,0.55,0.5600
2026-01-08T02:14:25.80765Z,price_change,0.35,BUY,165,0.55,0.5600
2026-01-08T02:14:25.807752Z,price_change,0.36,BUY,2147,0.55,0.5600
2026-01-08T02:14:25.807873Z,price_change,0.7900,SELL,247,0.55,0.5600
2026-01-08T02:14:25.8084Z,price_change,0.9300,SELL,165,0.55,0.5600
2026-01-08T02:14:25.893987Z,price_change,0.5600,SELL,-415,0.55,0.5600
1767838465,last_trade_price,0.56,BUY,415,0.55,0.5600
2026-01-08T02:14:26.628554Z,price_change,0.6600,SELL,150,0.55,0.5600
2026-01-08T02:14:26.665903Z,price_change,0.7900,SELL,-247,0.55,0.5600
2026-01-08T02:14:26.703879Z,price_change,0.6500,SELL,247,0.55,0.5600
2026-01-08T02:14:26.749408Z,price_change,0.7200,SELL,2000,0.55,0.5600
2026-01-08T02:14:26.776489Z,price_change,0.5600,SELL,-116,0.55,0.5600
1767838466,last_trade_price,0.56,BUY,116,0.55,0.5600
2026-01-08T02:14:26.791444Z,price_change,0.9300,SELL,-165,0.55,0.5600
2026-01-08T02:14:26.956366Z,price_change,0.7100,SELL,165,0.55,0.5600
2026-01-08T02:14:27.081653Z,price_change,0.54,BUY,2000,0.55,0.5600
2026-01-08T02:14:27.164029Z,price_change,0.5600,SELL,-50,0.55,0.5600
1767838467,last_trade_price,0.56,BUY,50,0.55,0.5600
2026-01-08T02:14:27.339552Z,price_change,0.55,BUY,-10,0.55,0.5600
1767838467,last_trade_price,0.45,SELL,10,0.55,0.5600
2026-01-08T02:14:27.959116Z,price_change,0.54,BUY,690,0.55,0.5600
2026-01-08T02:14:27.960058Z,price_change,0.6500,SELL,690,0.55,0.5600
2026-01-08T02:14:27.997835Z,price_change,0.6500,SELL,-247,0.55,0.5600
2026-01-08T02:14:28.03597Z,price_change,0.6400,SELL,247,0.55,0.5600
2026-01-08T02:14:28.235693Z,price_change,0.5600,SELL,-125,0.55,0.5600
2026-01-08T02:14:28.235693Z,price_change,0.5600,SELL,-231,0.55,0.5600
1767838468,last_trade_price,0.56,BUY,125,0.55,0.5600
1767838468,last_trade_price,0.56,BUY,231,0.55,0.5600
2026-01-08T02:14:28.273579Z,price_change,0.5600,SELL,2147,0.55,0.5600
2026-01-08T02:14:28.87737Z,price_change,0.5600,SELL,-33,0.55,0.5600
1767838468,last_trade_price,0.56,BUY,33,0.55,0.5600
2026-01-08T02:14:29.210472Z,price_change,0.5600,SELL,-34,0.55,0.5600
1767838469,last_trade_price,0.56,BUY,34,0.55,0.5600
2026-01-08T02:14:29.369215Z,price_change,0.5600,SELL,-338,0.55,0.5600
1767838469,last_trade_price,0.56,BUY,338,0.55,0.5600
2026-01-08T02:14:29.850109Z,price_change,0.54,BUY,-2000,0.55,0.5600
2026-01-08T02:14:29.85279Z,price_change,0.7200,SELL,-2000,0.55,0.5600
2026-01-08T02:14:29.854166Z,price_change,0.54,BUY,-690,0.55,0.5600
2026-01-08T02:14:29.855571Z,price_change,0.6500,SELL,-690,0.55,0.5600
2026-01-08T02:14:29.869484Z,price_change,0.34,BUY,-300,0.55,0.5600
2026-01-08T02:14:29.889803Z,price_change,0.7100,SELL,-165,0.55,0.5600
2026-01-08T02:14:29.902169Z,price_change,0.6400,SELL,-247,0.55,0.5600
2026-01-08T02:14:29.903421Z,price_change,0.35,BUY,-250,0.55,0.5600
2026-01-08T02:14:29.903981Z,price_change,0.35,BUY,-2147,0.55,0.5600
2026-01-08T02:14:29.905084Z,price_change,0.36,BUY,-2147,0.55,0.5600
2026-01-08T02:14:29.907272Z,price_change,0.35,BUY,-165,0.55,0.5600
2026-01-08T02:14:29.930907Z,price_change,0.9300,SELL,165,0.55,0.5600
2026-01-08T02:14:29.960316Z,price_change,0.6500,SELL,247,0.55,0.5600
2026-01-08T02:14:29.963384Z,price_change,0.16,BUY,247,0.55,0.5600
2026-01-08T02:14:29.963553Z,price_change,0.24,BUY,165,0.55,0.5600
2026-01-08T02:14:29.964139Z,price_change,0.16,BUY,2147,0.55,0.5600
2026-01-08T02:14:29.965412Z,price_change,0.17,BUY,2147,0.55,0.5600
2026-01-08T02:14:30.032703Z,price_change,0.55,BUY,-28,0.55,0.5600
1767838470,last_trade_price,0.45,SELL,28,0.55,0.5600
2026-01-08T02:14:30.514993Z,price_change,0.16,BUY,-2147,0.55,0.5600
2026-01-08T02:14:30.515773Z,price_change,0.17,BUY,-2147,0.55,0.5600
2026-01-08T02:14:30.517895Z,price_change,0.24,BUY,-165,0.55,0.5600
2026-01-08T02:14:30.551043Z,price_change,0.54,BUY,2147,0.55,0.5600
2026-01-08T02:14:30.552414Z,price_change,0.53,BUY,2147,0.55,0.5600
2026-01-08T02:14:30.553209Z,price_change,0.54,BUY,165,0.55,0.5600
2026-01-08T02:14:30.670825Z,price_change,0.5600,SELL,-1143,0.55,0.5600
1767838470,last_trade_price,0.56,BUY,1143,0.55,0.5600
2026-01-08T02:14:30.725783Z,price_change,0.55,BUY,-10,0.55,0.5600
1767838470,last_trade_price,0.45,SELL,10,0.55,0.5600
2026-01-08T02:14:30.746284Z,price_change,0.5600,SELL,-2147,0.55,0.5600
2026-01-08T02:14:30.955126Z,price_change,0.55,BUY,29,0.55,0.5600
2026-01-08T02:14:31.163744Z,price_change,0.55,BUY,-2276,0.55,0.5600
2026-01-08T02:14:31.230642Z,price_change,0.5600,SELL,2147,0.55,0.5600
2026-01-08T02:14:31.236874Z,price_change,0.55,BUY,-15,0.55,0.5600
1767838471,last_trade_price,0.45,SELL,15,0.55,0.5600
2026-01-08T02:14:31.581264Z,price_change,0.5600,SELL,8,0.55,0.5600
2026-01-08T02:14:31.585452Z,price_change,0.5600,SELL,-393,0.55,0.5600
2026-01-08T02:14:31.585452Z,price_change,0.5600,SELL,-670,0.55,0.5600
1767838471,last_trade_price,0.56,BUY,393,0.55,0.5600
1767838471,last_trade_price,0.56,BUY,670,0.55,0.5600
2026-01-08T02:14:31.628209Z,price_change,0.54,BUY,-165,0.55,0.5600
2026-01-08T02:14:31.635963Z,price_change,0.5600,SELL,-2147,0.55,0.5600
2026-01-08T02:14:31.660296Z,price_change,0.54,BUY,165,0.55,0.5600
2026-01-08T02:14:31.770136Z,price_change,0.52,BUY,2000,0.55,0.5600
2026-01-08T02:14:31.772121Z,price_change,0.6700,SELL,2000,0.55,0.5600
2026-01-08T02:14:31.806293Z,price_change,0.06,BUY,-167,0.55,0.5600
2026-01-08T02:14:31.835278Z,price_change,0.9300,SELL,-165,0.55,0.5600
2026-01-08T02:14:31.87025Z,price_change,0.52,BUY,165,0.55,0.5600
2026-01-08T02:14:31.881514Z,price_change,0.6600,SELL,165,0.55,0.5600
2026-01-08T02:14:32.275419Z,price_change,0.5600,SELL,2147,0.55,0.5600
2026-01-08T02:14:32.27553Z,price_change,0.5700,SELL,165,0.55,0.5600
2026-01-08T02:14:32.495324Z,price_change,0.55,BUY,-10,0.55,0.5600
1767838472,last_trade_price,0.45,SELL,10,0.55,0.5600
2026-01-08T02:14:32.50693Z,price_change,0.6400,SELL,691,0.55,0.5600
2026-01-08T02:14:32.509306Z,price_change,0.35,BUY,691,0.55,0.5600
2026-01-08T02:14:32.572995Z,price_change,0.5600,SELL,-1082,0.55,0.5600
1767838472,last_trade_price,0.56,BUY,1082,0.55,0.5600
2026-01-08T02:14:32.605706Z,price_change,0.6500,SELL,-247,0.55,0.5600
2026-01-08T02:14:32.607687Z,price_change,0.16,BUY,-247,0.55,0.5600
2026-01-08T02:14:32.647902Z,price_change,0.6300,SELL,247,0.55,0.5600
2026-01-08T02:14:32.650127Z,price_change,0.36,BUY,247,0.55,0.5600
2026-01-08T02:14:32.680474Z,price_change,0.5600,SELL,-2147,0.55,0.5600
2026-01-08T02:14:32.97219Z,price_change,0.55,BUY,-300,0.55,0.5600
1767838472,last_trade_price,0.45,SELL,300,0.55,0.5600
2026-01-08T02:14:33.008609Z,price_change,0.5600,SELL,2147,0.55,0.5600
2026-01-08T02:14:33.206027Z,price_change,0.54,BUY,690,0.55,0.5600
2026-01-08T02:14:33.207052Z,price_change,0.6500,SELL,690,0.55,0.5600
2026-01-08T02:14:33.269583Z,price_change,0.5600,SELL,-23,0.55,0.5600
1767838473,last_trade_price,0.56,BUY,23,0.55,0.5600
2026-01-08T02:14:33.514409Z,price_change,0.5600,SELL,-397,0.55,0.5600
2026-01-08T02:14:33.514409Z,price_change,0.5600,SELL,-739,0.55,0.5600
1767838473,last_trade_price,0.56,BUY,397,0.55,0.5600
1767838473,last_trade_price,0.56,BUY,739,0.55,0.5600
2026-01-08T02:14:33.561639Z,price_change,0.5600,SELL,2147,0.55,0.5600
2026-01-08T02:14:33.711247Z,price_change,0.7200,SELL,20,0.55,0.5600
2026-01-08T02:14:34.463515Z,price_change,0.55,BUY,-50,0.55,0.5600
1767838474,last_trade_price,0.45,SELL,50,0.55,0.5600
2026-01-08T02:14:34.506625Z,price_change,0.54,BUY,-165,0.55,0.5600
2026-01-08T02:14:34.520393Z,price_change,0.55,BUY,-8,0.55,0.5600
1767838474,last_trade_price,0.45,SELL,8,0.55,0.5600
2026-01-08T02:14:34.548501Z,price_change,0.53,BUY,165,0.55,0.5600
2026-01-08T02:14:34.940744Z,price_change,0.36,BUY,-247,0.55,0.5600
2026-01-08T02:14:34.940823Z,price_change,0.5600,SELL,-2147,0.55,0.5600
2026-01-08T02:14:34.94088Z,price_change,0.53,BUY,-165,0.55,0.5600
2026-01-08T02:14:34.940929Z,price_change,0.5600,SELL,-2147,0.55,0.5600
2026-01-08T02:14:34.941308Z,price_change,0.53,BUY,-2147,0.55,0.5600
2026-01-08T02:14:34.941851Z,price_change,0.52,BUY,-165,0.55,0.5600
2026-01-08T02:14:35.004177Z,price_change,0.35,BUY,-691,0.55,0.5600
2026-01-08T02:14:35.004177Z,price_change,0.6400,SELL,-691,0.55,0.5600
2026-01-08T02:14:35.034704Z,price_change,0.55,BUY,2147,0.55,0.5600
2026-01-08T02:14:35.036161Z,price_change,0.54,BUY,165,0.55,0.5600
2026-01-08T02:14:35.038131Z,price_change,0.5700,SELL,2147,0.55,0.5600
2026-01-08T02:14:35.038768Z,price_change,0.5800,SELL,2147,0.55,0.5600
2026-01-08T02:14:35.039297Z,price_change,0.5900,SELL,2147,0.55,0.5600
2026-01-08T02:14:35.039713Z,price_change,0.53,BUY,165,0.55,0.5600
2026-01-08T02:14:35.039801Z,price_change,0.52,BUY,247,0.55,0.5600
2026-01-08T02:14:35.04827Z,price_change,0.6300,SELL,-247,0.55,0.5600
2026-01-08T02:14:35.0636Z,price_change,0.6100,SELL,-49,0.55,0.5600
2026-01-08T02:14:35.081574Z,price_change,0.54,BUY,-2500,0.55,0.5600
2026-01-08T02:14:35.097548Z,price_change,0.6400,SELL,247,0.55,0.5600
2026-01-08T02:14:35.097891Z,price_change,0.55,BUY,2500,0.55,0.5600
2026-01-08T02:14:35.105061Z,price_change,0.5700,SELL,-1,0.55,0.5600
2026-01-08T02:14:36.159153Z,price_change,0.52,BUY,-247,0.55,0.5600
2026-01-08T02:14:36.159852Z,price_change,0.55,BUY,-2147,0.55,0.5600
2026-01-08T02:14:36.191396Z,price_change,0.16,BUY,247,0.55,0.5600
2026-01-08T02:14:36.191794Z,price_change,0.53,BUY,2147,0.55,0.5600
2026-01-08T02:14:36.47226Z,price_change,0.55,BUY,-529,0.55,0.5600
1767838476,last_trade_price,0.45,SELL,529,0.55,0.5600
2026-01-08T02:14:37.031949Z,price_change,0.5600,SELL,-1946,0.55,0.5600
1767838477,last_trade_price,0.56,BUY,1946,0.55,0.5600
2026-01-08T02:14:37.18701Z,price_change,0.5600,SELL,-86,0.55,0.5600
1767838477,last_trade_price,0.56,BUY,86,0.55,0.5600
2026-01-08T02:14:37.657282Z,price_change,0.55,BUY,-29,0.55,0.5600
2026-01-08T02:14:37.748687Z,price_change,0.6100,SELL,5,0.55,0.5600
2026-01-08T02:14:38.125322Z,price_change,0.55,BUY,-209,0.55,0.5600
1767838478,last_trade_price,0.45,SELL,209,0.55,0.5600
2026-01-08T02:14:38.156948Z,price_change,0.5800,SELL,-2147,0.55,0.5600
2026-01-08T02:14:38.157186Z,price_change,0.5700,SELL,-2147,0.55,0.5600
2026-01-08T02:14:38.157455Z,price_change,0.5900,SELL,-2147,0.55,0.5600
2026-01-08T02:14:38.19269Z,price_change,0.5600,SELL,2147,0.55,0.5600
2026-01-08T02:14:38.298995Z,price_change,0.5600,SELL,-15,0.55,0.5600
1767838478,last_trade_price,0.56,BUY,15,0.55,0.5600
2026-01-08T02:14:38.327341Z,price_change,0.55,BUY,-2500,0.55,0.5600
2026-01-08T02:14:38.349623Z,price_change,0.54,BUY,2500,0.55,0.5600
2026-01-08T02:14:38.513505Z,price_change,0.55,BUY,-42,0.55,0.5600
1767838478,last_trade_price,0.45,SELL,42,0.55,0.5600
2026-01-08T02:14:38.516503Z,price_change,0.6100,SELL,-5,0.55,0.5600
2026-01-08T02:14:38.592503Z,price_change,0.16,BUY,-247,0.55,0.5600
2026-01-08T02:14:38.592694Z,price_change,0.53,BUY,-2147,0.55,0.5600
2026-01-08T02:14:38.594847Z,price_change,0.5600,SELL,-2147,0.55,0.5600
2026-01-08T02:14:38.623111Z,price_change,0.55,BUY,2147,0.55,0.5600
2026-01-08T02:14:38.624459Z,price_change,0.5700,SELL,2147,0.55,0.5600
2026-01-08T02:14:38.625811Z,price_change,0.5900,SELL,2147,0.55,0.5600
2026-01-08T02:14:38.626546Z,price_change,0.52,BUY,247,0.55,0.5600
2026-01-08T02:14:38.647956Z,price_change,0.54,BUY,-2500,0.55,0.5600
2026-01-08T02:14:38.649177Z,price_change,0.5800,SELL,2147,0.55,0.5600
2026-01-08T02:14:38.85045Z,price_change,0.55,BUY,2500,0.55,0.5600
2026-01-08T02:14:39.375207Z,price_change,0.55,BUY,-100,0.55,0.5600
1767838479,last_trade_price,0.45,SELL,100,0.55,0.5600
2026-01-08T02:14:39.881439Z,price_change,0.5600,SELL,100,0.55,0.5600
2026-01-08T02:14:40.060967Z,price_change,0.55,BUY,-125,0.55,0.5600
1767838480,last_trade_price,0.45,SELL,125,0.55,0.5600
2026-01-08T02:14:40.101884Z,price_change,0.5600,SELL,1,0.55,0.5600
2026-01-08T02:14:40.126406Z,price_change,0.5600,SELL,-5,0.55,0.5600
1767838480,last_trade_price,0.56,BUY,5,0.55,0.5600
2026-01-08T02:14:40.149004Z,price_change,0.6100,SELL,-2,0.55,0.5600
2026-01-08T02:14:40.31968Z,price_change,0.5600,SELL,-490,0.55,0.5600
1767838480,last_trade_price,0.56,BUY,490,0.55,0.5600
2026-01-08T02:14:40.331248Z,price_change,0.55,BUY,-100,0.55,0.5600
1767838480,last_trade_price,0.45,SELL,100,0.55,0.5600
2026-01-08T02:14:40.346261Z,price_change,0.6100,SELL,-4,0.55,0.5600
2026-01-08T02:14:40.366177Z,price_change,0.6100,SELL,-4,0.55,0.5600
2026-01-08T02:14:40.85529Z,price_change,0.5600,SELL,-145,0.55,0.5600
1767838480,last_trade_price,0.56,BUY,145,0.55,0.5600
2026-01-08T02:14:41.556527Z,price_change,0.55,BUY,-5,0.55,0.5600
1767838481,last_trade_price,0.45,SELL,5,0.55,0.5600
2026-01-08T02:14:41.583103Z,price_change,0.6100,SELL,-6,0.55,0.5600
2026-01-08T02:14:41.602445Z,price_change,0.55,BUY,-2147,0.55,0.5600
2026-01-08T02:14:41.64946Z,price_change,0.53,BUY,2147,0.55,0.5600
2026-01-08T02:14:42.42399Z,price_change,0.5600,SELL,-34,0.55,0.5600
1767838482,last_trade_price,0.56,BUY,34,0.55,0.5600
2026-01-08T02:14:42.787172Z,price_change,0.5600,SELL,-10,0.55,0.5600
1767838482,last_trade_price,0.56,BUY,10,0.55,0.5600
2026-01-08T02:14:42.882062Z,price_change,0.53,BUY,-2147,0.55,0.5600
2026-01-08T02:14:42.884108Z,price_change,0.5700,SELL,-165,0.55,0.5600
2026-01-08T02:14:42.920674Z,price_change,0.6400,SELL,165,0.55,0.5600
2026-01-08T02:14:42.922892Z,price_change,0.55,BUY,2147,0.55,0.5600
2026-01-08T02:14:43.83577Z,price_change,0.5600,SELL,-8,0.55,0.5600
2026-01-08T02:14:44.597494Z,price_change,0.55,BUY,-27,0.55,0.5600
1767838484,last_trade_price,0.45,SELL,27,0.55,0.5600
2026-01-08T02:14:44.674433Z,price_change,0.7000,SELL,2500,0.55,0.5600
2026-01-08T02:14:45.262144Z,price_change,0.55,BUY,-50,0.55,0.5600
1767838485,last_trade_price,0.45,SELL,50,0.55,0.5600
2026-01-08T02:14:45.612312Z,price_change,0.8000,SELL,5,0.55,0.5600
2026-01-08T02:14:45.768958Z,price_change,0.6100,SELL,6,0.55,0.5600
2026-01-08T02:14:45.802373Z,price_change,0.8200,SELL,10,0.55,0.5600
2026-01-08T02:14:46.464938Z,price_change,0.54,BUY,-165,0.55,0.5600
2026-01-08T02:14:46.465065Z,price_change,0.5700,SELL,-2147,0.55,0.5600
2026-01-08T02:14:46.514762Z,price_change,0.55,BUY,165,0.55,0.5600
2026-01-08T02:14:46.8618Z,price_change,0.6300,SELL,691,0.55,0.5600
2026-01-08T02:14:46.886158Z,price_change,0.35,BUY,691,0.55,0.5600
2026-01-08T02:14:46.904756Z,price_change,0.6400,SELL,-165,0.55,0.5600
2026-01-08T02:14:46.904908Z,price_change,0.6400,SELL,-247,0.55,0.5600
2026-01-08T02:14:46.906144Z,price_change,0.5700,SELL,2147,0.55,0.5600
2026-01-08T02:14:46.953264Z,price_change,0.6200,SELL,247,0.55,0.5600
2026-01-08T02:14:46.954755Z,price_change,0.6200,SELL,165,0.55,0.5600
2026-01-08T02:14:47.230834Z,price_change,0.55,BUY,-50,0.55,0.5600
1767838487,last_trade_price,0.45,SELL,50,0.55,0.5600
2026-01-08T02:14:47.281589Z,price_change,0.55,BUY,-165,0.55,0.5600
2026-01-08T02:14:47.286205Z,price_change,0.5600,SELL,-75,0.55,0.5600
1767838487,last_trade_price,0.56,BUY,75,0.55,0.5600
2026-01-08T02:14:47.326347Z,price_change,0.54,BUY,165,0.55,0.5600
2026-01-08T02:14:47.527001Z,price_change,0.55,BUY,-2500,0.55,0.5600
2026-01-08T02:14:47.542526Z,price_change,0.54,BUY,2500,0.55,0.5600
2026-01-08T02:14:47.551879Z,price_change,0.6100,SELL,65,0.55,0.5600
2026-01-08T02:14:47.596684Z,price_change,0.6200,SELL,-165,0.55,0.5600
2026-01-08T02:14:47.636616Z,price_change,0.6000,SELL,165,0.55,0.5600
1767838487,last_trade_price,0.56,BUY,20,0.55,0.5600
2026-01-08T02:14:47.876856Z,price_change,0.5600,SELL,-20,0.55,0.5600
2026-01-08T02:14:48.138418Z,price_change,0.5600,SELL,-3935,0.55,0.5600
2026-01-08T02:14:48.138418Z,price_change,0.5600,SELL,-100,0.55,0.5600
2026-01-08T02:14:48.138418Z,price_change,0.5600,SELL,-1,0.55,0.5700
1767838488,last_trade_price,0.56,BUY,3935,0.55,0.5700
1767838488,last_trade_price,0.56,BUY,100,0.55,0.5700
1767838488,last_trade_price,0.56,BUY,1,0.55,0.5700
2026-01-08T02:14:48.188627Z,price_change,0.5700,SELL,7500,0.55,0.5700
2026-01-08T02:14:48.790427Z,price_change,0.5700,SELL,1,0.55,0.5700
2026-01-08T02:14:49.001786Z,price_change,0.6300,SELL,-691,0.55,0.5700
2026-01-08T02:14:49.001786Z,price_change,0.35,BUY,-691,0.55,0.5700
2026-01-08T02:14:49.052275Z,price_change,0.6200,SELL,-247,0.55,0.5700
2026-01-08T02:14:49.098047Z,price_change,0.6400,SELL,247,0.55,0.5700
2026-01-08T02:14:49.518472Z,price_change,0.54,BUY,-2500,0.55,0.5700
2026-01-08T02:14:49.776745Z,price_change,0.54,BUY,-788,0.55,0.5700
2026-01-08T02:14:49.777846Z,price_change,0.5700,SELL,-636,0.55,0.5700
2026-01-08T02:14:49.788706Z,price_change,0.55,BUY,826,0.55,0.5700
2026-01-08T02:14:49.789958Z,price_change,0.5800,SELL,674,0.55,0.5700
2026-01-08T02:14:49.80464Z,price_change,0.6100,SELL,-93,0.55,0.5700
2026-01-08T02:14:49.80464Z,price_change,0.6200,SELL,93,0.55,0.5700
2026-01-08T02:14:49.822643Z,price_change,0.5700,SELL,-1,0.55,0.5700
2026-01-08T02:14:49.824959Z,price_change,0.6000,SELL,-165,0.55,0.5700
2026-01-08T02:14:49.842391Z,price_change,0.55,BUY,-826,0.55,0.5700
2026-01-08T02:14:49.84373Z,price_change,0.5800,SELL,-674,0.55,0.5700
2026-01-08T02:14:49.847842Z,price_change,0.6200,SELL,-93,0.55,0.5700
2026-01-08T02:14:49.847842Z,price_change,0.6300,SELL,93,0.55,0.5700
2026-01-08T02:14:49.855502Z,price_change,0.56,BUY,826,0.56,0.5700
2026-01-08T02:14:49.861073Z,price_change,0.5700,SELL,-7500,0.56,0.5700
2026-01-08T02:14:49.862406Z,price_change,0.5900,SELL,674,0.56,0.5700
2026-01-08T02:14:49.865955Z,price_change,0.6300,SELL,-93,0.56,0.5700
2026-01-08T02:14:49.865955Z,price_change,0.6600,SELL,93,0.56,0.5700
2026-01-08T02:14:49.868773Z,price_change,0.5800,SELL,165,0.56,0.5700
2026-01-08T02:14:49.870334Z,price_change,0.56,BUY,-826,0.55,0.5700
2026-01-08T02:14:49.871337Z,price_change,0.5900,SELL,-674,0.55,0.5700
2026-01-08T02:14:49.885103Z,price_change,0.55,BUY,826,0.55,0.5700
2026-01-08T02:14:49.886137Z,price_change,0.5800,SELL,674,0.55,0.5700
2026-01-08T02:14:49.888511Z,price_change,0.6600,SELL,-93,0.55,0.5700
2026-01-08T02:14:49.888511Z,price_change,0.6200,SELL,93,0.55,0.5700
2026-01-08T02:14:49.908598Z,price_change,0.5700,SELL,-2172,0.55,0.5700
2026-01-08T02:14:49.909511Z,price_change,0.5700,SELL,-2172,0.55,0.5700
2026-01-08T02:14:49.909958Z,price_change,0.5700,SELL,-2147,0.55,0.5700
2026-01-08T02:14:49.918306Z,price_change,0.55,BUY,-826,0.55,0.5700
2026-01-08T02:14:49.91931Z,price_change,0.5800,SELL,-674,0.55,0.5700
2026-01-08T02:14:49.933038Z,price_change,0.56,BUY,826,0.56,0.5700
2026-01-08T02:14:49.934345Z,price_change,0.5900,SELL,674,0.56,0.5700
2026-01-08T02:14:49.934359Z,price_change,0.5800,SELL,-165,0.56,0.5700
2026-01-08T02:14:49.935295Z,price_change,0.6200,SELL,-93,0.56,0.5700
2026-01-08T02:14:49.935295Z,price_change,0.6600,SELL,93,0.56,0.5700
2026-01-08T02:14:49.94932Z,price_change,0.5700,SELL,2147,0.56,0.5700
2026-01-08T02:14:49.950612Z,price_change,0.5700,SELL,2147,0.56,0.5700
2026-01-08T02:14:49.951169Z,price_change,0.5700,SELL,2147,0.56,0.5700
2026-01-08T02:14:49.961505Z,price_change,0.5700,SELL,-1,0.56,0.5700
2026-01-08T02:14:49.961505Z,price_change,0.5700,SELL,-169,0.56,0.5700
1767838489,last_trade_price,0.57,BUY,1,0.56,0.5700
1767838489,last_trade_price,0.57,BUY,169,0.56,0.5700
2026-01-08T02:14:49.967701Z,price_change,0.6100,SELL,165,0.56,0.5700
2026-01-08T02:14:49.982218Z,price_change,0.5700,SELL,-2147,0.56,0.5700
2026-01-08T02:14:49.982435Z,price_change,0.5700,SELL,-1978,0.56,0.5700
2026-01-08T02:14:49.982729Z,price_change,0.54,BUY,-165,0.56,0.5700
2026-01-08T02:14:49.985999Z,price_change,0.5700,SELL,-2147,0.56,0.5800
2026-01-08T02:14:50.007028Z,price_change,0.6600,SELL,-93,0.56,0.5800
2026-01-08T02:14:50.007028Z,price_change,0.6500,SELL,93,0.56,0.5800
2026-01-08T02:14:50.008139Z,price_change,0.6100,SELL,-165,0.56,0.5800
2026-01-08T02:14:50.027196Z,price_change,0.6000,SELL,2147,0.56,0.5800
2026-01-08T02:14:50.027484Z,price_change,0.5900,SELL,2147,0.56,0.5800
2026-01-08T02:14:50.028359Z,price_change,0.55,BUY,165,0.56,0.5800
2026-01-08T02:14:50.028918Z,price_change,0.5800,SELL,2147,0.56,0.5800
2026-01-08T02:14:50.042335Z,price_change,0.5800,SELL,17,0.56,0.5800
2026-01-08T02:14:50.042958Z,price_change,0.5800,SELL,165,0.56,0.5800
2026-01-08T02:14:50.065317Z,price_change,0.6500,SELL,-93,0.56,0.5800
2026-01-08T02:14:50.065317Z,price_change,0.6400,SELL,93,0.56,0.5800
2026-01-08T02:14:50.0678Z,price_change,0.5800,SELL,1,0.56,0.5800
2026-01-08T02:14:50.258808Z,price_change,0.01,BUY,15000,0.56,0.5800
2026-01-08T02:14:50.266781Z,price_change,0.56,BUY,-826,0.55,0.5800
2026-01-08T02:14:50.268319Z,price_change,0.5900,SELL,-674,0.55,0.5800
2026-01-08T02:14:50.283044Z,price_change,0.55,BUY,726,0.55,0.5800
2026-01-08T02:14:50.284346Z,price_change,0.5800,SELL,774,0.55,0.5800
2026-01-08T02:14:50.293421Z,price_change,0.6400,SELL,-93,0.55,0.5800
2026-01-08T02:14:50.293421Z,price_change,0.6300,SELL,93,0.55,0.5800
2026-01-08T02:14:50.308513Z,price_change,0.5800,SELL,-165,0.55,0.5800
2026-01-08T02:14:50.308576Z,price_change,0.5800,SELL,-2147,0.55,0.5800
2026-01-08T02:14:50.309901Z,price_change,0.5900,SELL,-2147,0.55,0.5800
2026-01-08T02:14:50.310719Z,price_change,0.5800,SELL,-2147,0.55,0.5800
2026-01-08T02:14:50.310729Z,price_change,0.5900,SELL,-2147,0.55,0.5800
2026-01-08T02:14:50.31076Z,price_change,0.5800,SELL,-2172,0.55,0.5800
2026-01-08T02:14:50.311766Z,price_change,0.6000,SELL,-2147,0.55,0.5800
2026-01-08T02:14:50.33211Z,price_change,0.6200,SELL,500,0.55,0.5800
2026-01-08T02:14:50.346824Z,price_change,0.55,BUY,-726,0.55,0.5800
2026-01-08T02:14:50.347437Z,price_change,0.5800,SELL,2147,0.55,0.5800
2026-01-08T02:14:50.347901Z,price_change,0.5900,SELL,2147,0.55,0.5800
2026-01-08T02:14:50.348065Z,price_change,0.5800,SELL,-774,0.55,0.5800
2026-01-08T02:14:50.348427Z,price_change,0.5800,SELL,165,0.55,0.5800
2026-01-08T02:14:50.348456Z,price_change,0.5800,SELL,2147,0.55,0.5800
2026-01-08T02:14:50.348897Z,price_change,0.5800,SELL,2147,0.55,0.5800
2026-01-08T02:14:50.349107Z,price_change,0.6000,SELL,2147,0.55,0.5800
2026-01-08T02:14:50.351835Z,price_change,0.5900,SELL,2147,0.55,0.5800
2026-01-08T02:14:50.351864Z,price_change,0.6200,SELL,-500,0.55,0.5800
2026-01-08T02:14:50.361871Z,price_change,0.56,BUY,726,0.56,0.5800
2026-01-08T02:14:50.36328Z,price_change,0.5900,SELL,774,0.56,0.5800
2026-01-08T02:14:50.364415Z,price_change,0.56,BUY,-726,0.55,0.5800
2026-01-08T02:14:50.365473Z,price_change,0.5900,SELL,-774,0.55,0.5800
2026-01-08T02:14:50.380751Z,price_change,0.55,BUY,726,0.55,0.5800
2026-01-08T02:14:50.382077Z,price_change,0.5800,SELL,774,0.55,0.5800
2026-01-08T02:14:50.382417Z,price_change,0.6000,SELL,-2147,0.55,0.5800
2026-01-08T02:14:50.383152Z,price_change,0.5800,SELL,-2147,0.55,0.5800
2026-01-08T02:14:50.383802Z,price_change,0.5800,SELL,-165,0.55,0.5800
2026-01-08T02:14:50.384297Z,price_change,0.6400,SELL,-247,0.55,0.5800
2026-01-08T02:14:50.384577Z,price_change,0.5800,SELL,-2147,0.55,0.5800
2026-01-08T02:14:50.385142Z,price_change,0.5900,SELL,-2147,0.55,0.5800
2026-01-08T02:14:50.385227Z,price_change,0.5900,SELL,-2147,0.55,0.5800
2026-01-08T02:14:50.406008Z,price_change,0.5800,SELL,-2147,0.55,0.5800
2026-01-08T02:14:50.415771Z,price_change,0.55,BUY,-726,0.55,0.5800
2026-01-08T02:14:50.416885Z,price_change,0.5800,SELL,-774,0.55,0.5800
2026-01-08T02:14:50.431671Z,price_change,0.56,BUY,726,0.56,0.5800
2026-01-08T02:14:50.432775Z,price_change,0.5900,SELL,774,0.56,0.5800
2026-01-08T02:14:50.432874Z,price_change,0.6300,SELL,-93,0.56,0.5800
2026-01-08T02:14:50.432874Z,price_change,0.6500,SELL,44,0.56,0.5800
2026-01-08T02:14:50.433846Z,price_change,0.56,BUY,-726,0.55,0.5800
2026-01-08T02:14:50.434925Z,price_change,0.5900,SELL,-774,0.55,0.5800
2026-01-08T02:14:50.446384Z,price_change,0.6200,SELL,500,0.55,0.5800
2026-01-08T02:14:50.449272Z,price_change,0.56,BUY,726,0.56,0.5800
2026-01-08T02:14:50.452567Z,price_change,0.6500,SELL,-40,0.56,0.5800
2026-01-08T02:14:50.453129Z,price_change,0.5900,SELL,774,0.56,0.5800
2026-01-08T02:14:50.45979Z,price_change,0.6400,SELL,2147,0.56,0.5800
2026-01-08T02:14:50.460118Z,price_change,0.6500,SELL,2147,0.56,0.5800
2026-01-08T02:14:50.460554Z,price_change,0.6500,SELL,2147,0.56,0.5800
2026-01-08T02:14:50.460826Z,price_change,0.6400,SELL,2147,0.56,0.5800
2026-01-08T02:14:50.463935Z,price_change,0.6400,SELL,247,0.56,0.5800
2026-01-08T02:14:50.463953Z,price_change,0.6600,SELL,2147,0.56,0.5800
2026-01-08T02:14:50.47399Z,price_change,0.9200,SELL,-391,0.56,0.5800
2026-01-08T02:14:50.474329Z,price_change,0.56,BUY,-726,0.55,0.5800
2026-01-08T02:14:50.474468Z,price_change,0.6400,SELL,2147,0.55,0.5800
2026-01-08T02:14:50.474985Z,price_change,0.9000,SELL,429,0.55,0.5800
2026-01-08T02:14:50.475452Z,price_change,0.5900,SELL,-774,0.55,0.5800
2026-01-08T02:14:50.478925Z,price_change,0.5800,SELL,-17,0.55,0.5800
2026-01-08T02:14:50.478925Z,price_change,0.6400,SELL,17,0.55,0.5800
2026-01-08T02:14:50.480808Z,price_change,0.6200,SELL,-500,0.55,0.5800
2026-01-08T02:14:50.484863Z,price_change,0.5800,SELL,-1,0.55,0.6000
2026-01-08T02:14:50.484863Z,price_change,0.6400,SELL,1,0.55,0.6000
2026-01-08T02:14:50.485079Z,price_change,0.6200,SELL,165,0.55,0.6000
2026-01-08T02:14:50.488916Z,price_change,0.55,BUY,726,0.55,0.6000
2026-01-08T02:14:50.490395Z,price_change,0.5800,SELL,774,0.55,0.5800
2026-01-08T02:14:50.491429Z,price_change,0.5800,SELL,-774,0.55,0.6000
2026-01-08T02:14:50.492955Z,price_change,0.58,BUY,100,0.58,0.6000
2026-01-08T02:14:50.49384Z,price_change,0.55,BUY,-726,0.58,0.6000
2026-01-08T02:14:50.49444Z,price_change,0.59,BUY,50,0.59,0.6000
2026-01-08T02:14:50.500388Z,price_change,0.6500,SELL,-4,0.59,0.6000
2026-01-08T02:14:50.500388Z,price_change,0.6300,SELL,93,0.59,0.6000
2026-01-08T02:14:50.500844Z,price_change,0.6000,SELL,774,0.59,0.6000
2026-01-08T02:14:50.502208Z,price_change,0.6000,SELL,-774,0.59,0.6000
2026-01-08T02:14:50.50474Z,price_change,0.9300,SELL,-407,0.59,0.6000
2026-01-08T02:14:50.506838Z,price_change,0.6400,SELL,-247,0.59,0.6000
2026-01-08T02:14:50.50689Z,price_change,0.6300,SELL,500,0.59,0.6000
2026-01-08T02:14:50.509888Z,price_change,0.57,BUY,726,0.59,0.6000
2026-01-08T02:14:50.513778Z,price_change,0.6000,SELL,774,0.59,0.6000
2026-01-08T02:14:50.517602Z,price_change,0.6200,SELL,-165,0.59,0.6000
2026-01-08T02:14:50.529832Z,price_change,0.6300,SELL,-500,0.59,0.6000
2026-01-08T02:14:50.529832Z,price_change,0.6200,SELL,500,0.59,0.6000
2026-01-08T02:14:50.529923Z,price_change,0.57,BUY,-726,0.59,0.6000
2026-01-08T02:14:50.531267Z,price_change,0.6000,SELL,-774,0.59,0.6000
2026-01-08T02:14:50.540053Z,price_change,0.6400,SELL,247,0.59,0.6000
2026-01-08T02:14:50.54093Z,price_change,0.6400,SELL,-17,0.59,0.6000
2026-01-08T02:14:50.54093Z,price_change,0.6100,SELL,17,0.59,0.6000
2026-01-08T02:14:50.541711Z,price_change,0.9100,SELL,-668,0.59,0.6000
2026-01-08T02:14:50.543481Z,price_change,0.6400,SELL,-1,0.59,0.6000
2026-01-08T02:14:50.543481Z,price_change,0.6100,SELL,1,0.59,0.6000
2026-01-08T02:14:50.543928Z,price_change,0.58,BUY,726,0.59,0.6000
2026-01-08T02:14:50.546239Z,price_change,0.6300,SELL,-93,0.59,0.6000
2026-01-08T02:14:50.546239Z,price_change,0.6500,SELL,93,0.59,0.6000
2026-01-08T02:14:50.547133Z,price_change,0.6100,SELL,774,0.59,0.6000
2026-01-08T02:14:50.552025Z,price_change,0.6400,SELL,-2147,0.59,0.6000
2026-01-08T02:14:50.552713Z,price_change,0.6400,SELL,-2147,0.59,0.6000
2026-01-08T02:14:50.552865Z,price_change,0.6500,SELL,-2147,0.59,0.6000
2026-01-08T02:14:50.553895Z,price_change,0.6500,SELL,-2147,0.59,0.6000
2026-01-08T02:14:50.554218Z,price_change,0.6600,SELL,-2147,0.59,0.6000
2026-01-08T02:14:50.554295Z,price_change,0.52,BUY,-247,0.59,0.6000
2026-01-08T02:14:50.564699Z,price_change,0.6200,SELL,-500,0.59,0.6000
2026-01-08T02:14:50.567169Z,price_change,0.6500,SELL,-93,0.59,0.6000
2026-01-08T02:14:50.567169Z,price_change,0.6600,SELL,4,0.59,0.6000
2026-01-08T02:14:50.571623Z,price_change,0.6400,SELL,-2147,0.59,0.6000
2026-01-08T02:14:50.59009Z,price_change,0.54,BUY,-2147,0.59,0.6000
2026-01-08T02:14:50.591542Z,price_change,0.6600,SELL,-150,0.59,0.6000
2026-01-08T02:14:50.595248Z,price_change,0.9300,SELL,660,0.59,0.6000
2026-01-08T02:14:50.601152Z,price_change,0.6000,SELL,2147,0.59,0.6000
2026-01-08T02:14:50.601918Z,price_change,0.6100,SELL,165,0.59,0.6000
2026-01-08T02:14:50.602033Z,price_change,0.6200,SELL,2147,0.59,0.6000
2026-01-08T02:14:50.602605Z,price_change,0.6000,SELL,2147,0.59,0.6000
2026-01-08T02:14:50.602679Z,price_change,0.6100,SELL,2147,0.59,0.6000
2026-01-08T02:14:50.602931Z,price_change,0.6100,SELL,2147,0.59,0.6000
2026-01-08T02:14:50.603973Z,price_change,0.6100,SELL,-1,0.59,0.6000
2026-01-08T02:14:50.620831Z,price_change,0.6100,SELL,-1,0.59,0.6000
2026-01-08T02:14:50.620831Z,price_change,0.6000,SELL,1,0.59,0.6000
2026-01-08T02:14:50.622036Z,price_change,0.6400,SELL,-247,0.59,0.6000
2026-01-08T02:14:50.62404Z,price_change,0.6000,SELL,2147,0.59,0.6000
2026-01-08T02:14:50.626999Z,price_change,0.6600,SELL,15,0.59,0.6000
2026-01-08T02:14:50.642923Z,price_change,0.53,BUY,247,0.59,0.6000
2026-01-08T02:14:50.64378Z,price_change,0.58,BUY,-100,0.59,0.6000
2026-01-08T02:14:50.651181Z,price_change,0.56,BUY,2147,0.59,0.6000
2026-01-08T02:14:50.668862Z,price_change,0.6100,SELL,-165,0.59,0.6000
2026-01-08T02:14:50.674464Z,price_change,0.6100,SELL,247,0.59,0.6000
2026-01-08T02:14:50.703623Z,price_change,0.6000,SELL,-1,0.59,0.6000
2026-01-08T02:14:50.705989Z,price_change,0.01,BUY,-15000,0.59,0.6000
2026-01-08T02:14:50.709912Z,price_change,0.6600,SELL,89,0.59,0.6000
2026-01-08T02:14:50.737979Z,price_change,0.6600,SELL,-93,0.59,0.6000
2026-01-08T02:14:50.737979Z,price_change,0.6500,SELL,93,0.59,0.6000
2026-01-08T02:14:50.740647Z,price_change,0.6000,SELL,165,0.59,0.6000
2026-01-08T02:14:50.745334Z,price_change,0.6100,SELL,-16,0.59,0.6000
2026-01-08T02:14:50.962495Z,price_change,0.07,BUY,-4178,0.59,0.6000
2026-01-08T02:14:50.988202Z,price_change,0.53,BUY,-165,0.59,0.6000
2026-01-08T02:14:51.013726Z,price_change,0.6100,SELL,-247,0.59,0.6000
2026-01-08T02:14:51.043634Z,price_change,0.6100,SELL,-6,0.59,0.6000
2026-01-08T02:14:51.050542Z,price_change,0.6400,SELL,247,0.59,0.6000
2026-01-08T02:14:51.074707Z,price_change,0.55,BUY,-48380,0.59,0.6000
2026-01-08T02:14:51.091297Z,price_change,0.55,BUY,-165,0.59,0.6000
2026-01-08T02:14:51.097147Z,price_change,0.6000,SELL,15,0.59,0.6000
2026-01-08T02:14:51.158314Z,price_change,0.11,BUY,4129,0.59,0.6000
2026-01-08T02:14:51.158947Z,price_change,0.53,BUY,165,0.59,0.6000
2026-01-08T02:14:51.159156Z,price_change,0.55,BUY,165,0.59,0.6000
2026-01-08T02:14:51.160335Z,price_change,0.53,BUY,-247,0.59,0.6000
2026-01-08T02:14:51.210247Z,price_change,0.54,BUY,247,0.59,0.6000
2026-01-08T02:14:51.219438Z,price_change,0.59,BUY,-50,0.58,0.6000
2026-01-08T02:14:51.2319Z,price_change,0.58,BUY,-726,0.56,0.6000
2026-01-08T02:14:51.234783Z,price_change,0.6100,SELL,-774,0.56,0.6000
2026-01-08T02:14:51.239363Z,price_change,0.57,BUY,726,0.57,0.6000
2026-01-08T02:14:51.24826Z,price_change,0.6000,SELL,774,0.57,0.6000
2026-01-08T02:14:51.260823Z,price_change,0.58,BUY,50,0.58,0.6000
2026-01-08T02:14:51.291936Z,price_change,0.6200,SELL,-2147,0.58,0.6000
2026-01-08T02:14:51.294142Z,price_change,0.6000,SELL,-165,0.58,0.6000
2026-01-08T02:14:51.312415Z,price_change,0.55,BUY,-2147,0.58,0.6000
2026-01-08T02:14:51.31979Z,price_change,0.6100,SELL,-2147,0.58,0.6000
2026-01-08T02:14:51.327389Z,price_change,0.6000,SELL,-2147,0.58,0.6000
2026-01-08T02:14:51.370049Z,price_change,0.5900,SELL,2147,0.58,0.5900
2026-01-08T02:14:51.394354Z,price_change,0.6500,SELL,-93,0.58,0.5900
2026-01-08T02:14:51.394354Z,price_change,0.6400,SELL,93,0.58,0.5900
2026-01-08T02:14:51.39448Z,price_change,0.57,BUY,2147,0.58,0.5900
2026-01-08T02:14:51.407036Z,price_change,0.5900,SELL,2147,0.58,0.5900
2026-01-08T02:14:51.413873Z,price_change,0.5900,SELL,2147,0.58,0.5900
2026-01-08T02:14:51.416993Z,price_change,0.5900,SELL,165,0.58,0.5900
2026-01-08T02:14:51.698274Z,price_change,0.5900,SELL,1,0.58,0.5900
2026-01-08T02:14:51.728266Z,price_change,0.15,BUY,-414,0.58,0.5900
2026-01-08T02:14:51.730949Z,price_change,0.17,BUY,431,0.58,0.5900
2026-01-08T02:14:51.732115Z,price_change,0.9200,SELL,396,0.58,0.5900
2026-01-08T02:14:51.741309Z,price_change,0.58,BUY,-25,0.58,0.5900
1767838491,last_trade_price,0.42,SELL,25,0.58,0.5900
2026-01-08T02:14:51.852243Z,price_change,0.16,BUY,-668,0.58,0.5900
2026-01-08T02:14:51.929746Z,price_change,0.18,BUY,660,0.58,0.5900
2026-01-08T02:14:51.952584Z,price_change,0.6000,SELL,5,0.58,0.5900
2026-01-08T02:14:52.266134Z,price_change,0.6000,SELL,10,0.58,0.5900
2026-01-08T02:14:52.300669Z,price_change,0.6000,SELL,-5,0.58,0.5900
2026-01-08T02:14:53.116638Z,price_change,0.5900,SELL,-165,0.58,0.5900
2026-01-08T02:14:53.166839Z,price_change,0.5900,SELL,-1,0.58,0.5900
1767838493,last_trade_price,0.59,BUY,1,0.58,0.5900
2026-01-08T02:14:53.197543Z,price_change,0.6000,SELL,165,0.58,0.5900
2026-01-08T02:14:53.525483Z,price_change,0.58,BUY,25,0.58,0.5900
2026-01-08T02:14:53.645683Z,price_change,0.6000,SELL,24,0.58,0.5900
2026-01-08T02:14:53.682526Z,price_change,0.6000,SELL,-10,0.58,0.5900
2026-01-08T02:14:53.78385Z,price_change,0.6100,SELL,7,0.58,0.5900
2026-01-08T02:14:53.813577Z,price_change,0.48,BUY,23,0.58,0.5900
2026-01-08T02:14:53.817143Z,price_change,0.46,BUY,2052,0.58,0.5900
2026-01-08T02:14:54.1891Z,price_change,0.58,BUY,-25,0.58,0.5900
2026-01-08T02:14:54.1891Z,price_change,0.58,BUY,-25,0.57,0.5900
2026-01-08T02:14:54.1891Z,price_change,0.57,BUY,-726,0.57,0.5900
2026-01-08T02:14:54.1891Z,price_change,0.57,BUY,-36,0.57,0.5900
1767838494,last_trade_price,0.42,SELL,25,0.57,0.5900
1767838494,last_trade_price,0.42,SELL,25,0.57,0.5900
1767838494,last_trade_price,0.43,SELL,726,0.57,0.5900
1767838494,last_trade_price,0.43,SELL,36,0.57,0.5900
2026-01-08T02:14:54.199196Z,price_change,0.57,BUY,673,0.57,0.5900
2026-01-08T02:14:54.202308Z,price_change,0.6000,SELL,-774,0.57,0.5900
2026-01-08T02:14:54.203502Z,price_change,0.57,BUY,-673,0.57,0.5900
2026-01-08T02:14:54.218703Z,price_change,0.5900,SELL,1190,0.57,0.5900
2026-01-08T02:14:54.220413Z,price_change,0.56,BUY,310,0.57,0.5900
2026-01-08T02:14:54.222278Z,price_change,0.5800,SELL,7500,0.57,0.5800
2026-01-08T02:14:54.234546Z,price_change,0.56,BUY,-310,0.57,0.5800
2026-01-08T02:14:54.237539Z,price_change,0.5900,SELL,-1190,0.57,0.5800
2026-01-08T02:14:54.239262Z,price_change,0.6000,SELL,-165,0.57,0.5800
2026-01-08T02:14:54.242662Z,price_change,0.56,BUY,-2147,0.57,0.5800
2026-01-08T02:14:54.245618Z,price_change,0.55,BUY,310,0.57,0.5800
2026-01-08T02:14:54.249027Z,price_change,0.5800,SELL,1190,0.57,0.5800
2026-01-08T02:14:54.24951Z,price_change,0.6000,SELL,-2147,0.57,0.5800
2026-01-08T02:14:54.255775Z,price_change,0.5900,SELL,-2147,0.57,0.5800
2026-01-08T02:14:54.275653Z,price_change,0.5900,SELL,-2146,0.57,0.5800
2026-01-08T02:14:54.276962Z,price_change,0.57,BUY,-2111,0.55,0.5800
2026-01-08T02:14:54.277651Z,price_change,0.5900,SELL,-2147,0.55,0.5800
2026-01-08T02:14:54.278194Z,price_change,0.6100,SELL,-2147,0.55,0.5800
2026-01-08T02:14:54.278251Z,price_change,0.6000,SELL,-2147,0.55,0.5800
2026-01-08T02:14:54.291382Z,price_change,0.55,BUY,-165,0.55,0.5800
2026-01-08T02:14:54.313184Z,price_change,0.56,BUY,2141,0.56,0.5800
2026-01-08T02:14:54.313801Z,price_change,0.6400,SELL,2141,0.56,0.5800
2026-01-08T02:14:54.313856Z,price_change,0.6400,SELL,2141,0.56,0.5800
2026-01-08T02:14:54.314597Z,price_change,0.6300,SELL,2141,0.56,0.5800
2026-01-08T02:14:54.315058Z,price_change,0.6300,SELL,2141,0.56,0.5800
2026-01-08T02:14:54.317035Z,price_change,0.6500,SELL,2141,0.56,0.5800
2026-01-08T02:14:54.31704Z,price_change,0.55,BUY,2141,0.56,0.5800
2026-01-08T02:14:54.317101Z,price_change,0.6300,SELL,2141,0.56,0.5800
2026-01-08T02:14:54.341758Z,price_change,0.6300,SELL,164,0.56,0.5800
2026-01-08T02:14:54.348431Z,price_change,0.5900,SELL,-1,0.56,0.5800
2026-01-08T02:14:54.348431Z,price_change,0.6300,SELL,1,0.56,0.5800
2026-01-08T02:14:54.369394Z,price_change,0.56,BUY,164,0.56,0.5800
2026-01-08T02:14:54.416918Z,price_change,0.9300,SELL,-660,0.56,0.5800
2026-01-08T02:14:54.417354Z,price_change,0.5800,SELL,-7500,0.56,0.5800
2026-01-08T02:14:54.429272Z,price_change,0.5800,SELL,-1190,0.56,0.6000
2026-01-08T02:14:54.436169Z,price_change,0.6100,SELL,-7,0.56,0.6000
2026-01-08T02:14:54.438738Z,price_change,0.5900,SELL,1190,0.56,0.5900
2026-01-08T02:14:54.441507Z,price_change,0.5900,SELL,-1190,0.56,0.6000
2026-01-08T02:14:54.442547Z,price_change,0.55,BUY,-310,0.56,0.6000
2026-01-08T02:14:54.4515Z,price_change,0.9200,SELL,658,0.56,0.6000
2026-01-08T02:14:54.459716Z,price_change,0.6000,SELL,1190,0.56,0.6000
2026-01-08T02:14:54.461164Z,price_change,0.56,BUY,310,0.56,0.6000
2026-01-08T02:14:54.461238Z,price_change,0.6300,SELL,-2141,0.56,0.6000
2026-01-08T02:14:54.464145Z,price_change,0.6000,SELL,-1190,0.56,0.6000
2026-01-08T02:14:54.465297Z,price_change,0.6300,SELL,-2141,0.56,0.6000
2026-01-08T02:14:54.465725Z,price_change,0.6300,SELL,-2141,0.56,0.6000
2026-01-08T02:14:54.476263Z,price_change,0.56,BUY,-164,0.56,0.6000
2026-01-08T02:14:54.479126Z,price_change,0.6200,SELL,1190,0.56,0.6000
2026-01-08T02:14:54.48062Z,price_change,0.6200,SELL,-1190,0.56,0.6000
2026-01-08T02:14:54.486235Z,price_change,0.6300,SELL,500,0.56,0.6000
2026-01-08T02:14:54.495124Z,price_change,0.6200,SELL,1190,0.56,0.6000
2026-01-08T02:14:54.499019Z,price_change,0.6200,SELL,-1190,0.56,0.6000
2026-01-08T02:14:54.500425Z,price_change,0.6600,SELL,2141,0.56,0.6000
2026-01-08T02:14:54.5008Z,price_change,0.6500,SELL,2141,0.56,0.6000
2026-01-08T02:14:54.501741Z,price_change,0.6400,SELL,2141,0.56,0.6000
2026-01-08T02:14:54.501753Z,price_change,0.56,BUY,-2141,0.56,0.6000
2026-01-08T02:14:54.504869Z,price_change,0.6300,SELL,-1,0.56,0.6000
2026-01-08T02:14:54.504869Z,price_change,0.5900,SELL,1,0.56,0.5900
2026-01-08T02:14:54.519551Z,price_change,0.6300,SELL,-500,0.56,0.5900
2026-01-08T02:14:54.52115Z,price_change,0.6000,SELL,1190,0.56,0.5900
2026-01-08T02:14:54.52233Z,price_change,0.6000,SELL,-1190,0.56,0.5900
2026-01-08T02:14:54.523515Z,price_change,0.56,BUY,-310,0.55,0.5900
2026-01-08T02:14:54.525024Z,price_change,0.6400,SELL,-247,0.55,0.5900
2026-01-08T02:14:54.525748Z,price_change,0.6300,SELL,-164,0.55,0.5900
2026-01-08T02:14:54.528197Z,price_change,0.6300,SELL,500,0.55,0.5900
2026-01-08T02:14:54.535513Z,price_change,0.56,BUY,2141,0.56,0.5900
2026-01-08T02:14:54.5362Z,price_change,0.6400,SELL,-2141,0.56,0.5900
2026-01-08T02:14:54.536314Z,price_change,0.6400,SELL,-2141,0.56,0.5900
2026-01-08T02:14:54.537708Z,price_change,0.6600,SELL,-2141,0.56,0.5900
2026-01-08T02:14:54.541923Z,price_change,0.5900,SELL,1190,0.56,0.5900
2026-01-08T02:14:54.543347Z,price_change,0.55,BUY,310,0.56,0.5900
2026-01-08T02:14:54.550678Z,price_change,0.6000,SELL,7500,0.56,0.5900
2026-01-08T02:14:54.559683Z,price_change,0.6500,SELL,-2141,0.56,0.5900
2026-01-08T02:14:54.559788Z,price_change,0.6200,SELL,164,0.56,0.5900
2026-01-08T02:14:54.561218Z,price_change,0.56,BUY,164,0.56,0.5900
2026-01-08T02:14:54.563295Z,price_change,0.6200,SELL,247,0.56,0.5900
2026-01-08T02:14:54.563685Z,price_change,0.6300,SELL,-500,0.56,0.5900
2026-01-08T02:14:54.564045Z,price_change,0.46,BUY,-2052,0.56,0.5900
2026-01-08T02:14:54.574088Z,price_change,0.6500,SELL,-2141,0.56,0.5900
2026-01-08T02:14:54.574508Z,price_change,0.54,BUY,-247,0.56,0.5900
2026-01-08T02:14:54.577916Z,price_change,0.56,BUY,-2141,0.56,0.5900
2026-01-08T02:14:54.591661Z,price_change,0.6600,SELL,-165,0.56,0.5900
2026-01-08T02:14:54.612048Z,price_change,0.6200,SELL,-247,0.56,0.5900
2026-01-08T02:14:54.613237Z,price_change,0.6200,SELL,-164,0.56,0.5900
2026-01-08T02:14:54.623041Z,price_change,0.6400,SELL,-2141,0.56,0.5900
2026-01-08T02:14:54.623886Z,price_change,0.53,BUY,247,0.56,0.5900
2026-01-08T02:14:54.624225Z,price_change,0.56,BUY,2141,0.56,0.5900
2026-01-08T02:14:54.639879Z,price_change,0.6000,SELL,164,0.56,0.5900
2026-01-08T02:14:54.640044Z,price_change,0.48,BUY,2106,0.56,0.5900
2026-01-08T02:14:54.64117Z,price_change,0.5900,SELL,-1,0.56,0.5900
2026-01-08T02:14:54.64117Z,price_change,0.6200,SELL,1,0.56,0.5900
2026-01-08T02:14:54.648149Z,price_change,0.5900,SELL,164,0.56,0.5900
2026-01-08T02:14:54.650006Z,price_change,0.6400,SELL,247,0.56,0.5900
2026-01-08T02:14:54.652256Z,price_change,0.6000,SELL,-7500,0.56,0.5900
2026-01-08T02:14:54.659401Z,price_change,0.5900,SELL,2141,0.56,0.5900
2026-01-08T02:14:54.660118Z,price_change,0.5900,SELL,2141,0.56,0.5900
2026-01-08T02:14:54.660609Z,price_change,0.6000,SELL,2141,0.56,0.5900
2026-01-08T02:14:54.662068Z,price_change,0.6100,SELL,2141,0.56,0.5900
2026-01-08T02:14:54.662688Z,price_change,0.6000,SELL,2141,0.56,0.5900
2026-01-08T02:14:54.667374Z,price_change,0.5900,SELL,2141,0.56,0.5900
2026-01-08T02:14:54.671956Z,price_change,0.5900,SELL,-1190,0.56,0.5900
2026-01-08T02:14:54.684242Z,price_change,0.5800,SELL,1190,0.56,0.5800
2026-01-08T02:14:54.685263Z,price_change,0.6000,SELL,-164,0.56,0.5800
2026-01-08T02:14:54.711131Z,price_change,0.6100,SELL,-2141,0.56,0.5800
2026-01-08T02:14:54.711309Z,price_change,0.5900,SELL,-2141,0.56,0.5800
2026-01-08T02:14:54.711452Z,price_change,0.6000,SELL,-2141,0.56,0.5800
2026-01-08T02:14:54.711924Z,price_change,0.5900,SELL,-2141,0.56,0.5800
2026-01-08T02:14:54.712673Z,price_change,0.5900,SELL,-164,0.56,0.5800
2026-01-08T02:14:54.719481Z,price_change,0.6000,SELL,-2141,0.56,0.5800
2026-01-08T02:14:54.738023Z,price_change,0.5900,SELL,-2141,0.56,0.5800
2026-01-08T02:14:54.749659Z,price_change,0.5800,SELL,-1190,0.56,0.6000
2026-01-08T02:14:54.752563Z,price_change,0.6600,SELL,164,0.56,0.6000
2026-01-08T02:14:54.76144Z,price_change,0.55,BUY,-310,0.56,0.6000
2026-01-08T02:14:54.76429Z,price_change,0.58,BUY,25,0.58,0.6000
2026-01-08T02:14:54.766256Z,price_change,0.6100,SELL,1190,0.58,0.6000
2026-01-08T02:14:54.770251Z,price_change,0.6300,SELL,500,0.58,0.6000
2026-01-08T02:14:54.774712Z,price_change,0.6100,SELL,-1190,0.58,0.6000
2026-01-08T02:14:54.77756Z,price_change,0.56,BUY,310,0.58,0.6000
2026-01-08T02:14:54.77941Z,price_change,0.6300,SELL,2141,0.58,0.6000
2026-01-08T02:14:54.779941Z,price_change,0.6400,SELL,2141,0.58,0.6000
2026-01-08T02:14:54.781447Z,price_change,0.6300,SELL,2141,0.58,0.6000
2026-01-08T02:14:54.781731Z,price_change,0.6300,SELL,164,0.58,0.6000
2026-01-08T02:14:54.782416Z,price_change,0.6500,SELL,2141,0.58,0.6000
2026-01-08T02:14:54.78362Z,price_change,0.6300,SELL,2141,0.58,0.6000
2026-01-08T02:14:54.786232Z,price_change,0.6300,SELL,-500,0.58,0.6000
2026-01-08T02:14:54.78659Z,price_change,0.6000,SELL,1190,0.58,0.6000
2026-01-08T02:14:54.787792Z,price_change,0.6000,SELL,-1190,0.58,0.6000
2026-01-08T02:14:54.799144Z,price_change,0.6000,SELL,1190,0.58,0.6000
2026-01-08T02:14:54.807273Z,price_change,0.6400,SELL,2141,0.58,0.6000
2026-01-08T02:14:54.807883Z,price_change,0.6000,SELL,-1190,0.58,0.6000
2026-01-08T02:14:54.815373Z,price_change,0.6400,SELL,-247,0.58,0.6000
2026-01-08T02:14:54.816368Z,price_change,0.56,BUY,-2141,0.58,0.6000
2026-01-08T02:14:54.824221Z,price_change,0.56,BUY,-164,0.58,0.6000
2026-01-08T02:14:54.824384Z,price_change,0.6300,SELL,-164,0.58,0.6000
2026-01-08T02:14:54.825154Z,price_change,0.6000,SELL,1190,0.58,0.6000
2026-01-08T02:14:54.827821Z,price_change,0.6000,SELL,-1190,0.58,0.6000
2026-01-08T02:14:54.838712Z,price_change,0.6000,SELL,1190,0.58,0.6000
2026-01-08T02:14:54.841659Z,price_change,0.6000,SELL,-1190,0.58,0.6000
2026-01-08T02:14:54.850339Z,price_change,0.6200,SELL,-1,0.58,0.6000
2026-01-08T02:14:54.850339Z,price_change,0.6300,SELL,1,0.58,0.6000
