timestamp,event_type,price,side,size,best_bid,best_ask
,book,0.3600,BUY,96338,0.3600,0.37
,book,0.37,SELL,73540,0.3600,0.37
2026-01-03T20:42:04.251177Z,price_change,0.35,BUY,5,0.36,0.37
2026-01-03T20:42:16.431217Z,price_change,0.36,BUY,49,0.36,0.37
2026-01-03T20:42:49.940242Z,price_change,0.37,SELL,-15,0.36,0.37
2026-01-03T20:43:18.000992Z,price_change,0.34,BUY,-500,0.36,0.37
2026-01-03T20:43:34.626115Z,price_change,0.4,SELL,1944,0.36,0.37
2026-01-03T20:43:52.20532Z,price_change,0.35,BUY,-5,0.36,0.37
,book,0.3600,BUY,96387,0.3600,0.37
,book,0.37,SELL,73525,0.3600,0.37
2026-01-03T20:44:37.001141Z,price_change,0.34,BUY,-500,0.36,0.37
2026-01-03T20:44:38.31124Z,price_change,0.38,SELL,-10,0.36,0.37
2026-01-03T20:44:38.442366Z,price_change,0.38,SELL,10,0.36,0.37
2026-01-03T20:44:41.027058Z,price_change,0.4,SELL,844,0.36,0.37
2026-01-03T20:44:41.05422Z,price_change,0.37,SELL,-192,0.36,0.37
2026-01-03T20:44:48.838727Z,price_change,0.39,SELL,-144,0.36,0.37
2026-01-03T20:44:49.300309Z,price_change,0.35,BUY,-5,0.36,0.37
2026-01-03T20:44:59.937757Z,price_change,0.39,SELL,-294,0.36,0.37
2026-01-03T20:45:02.758139Z,price_change,0.34,BUY,500,0.36,0.37
2026-01-03T20:45:14.688081Z,price_change,0.37,SELL,-79,0.36,0.37
2026-01-03T20:45:14.788961Z,price_change,0.36,BUY,40,0.36,0.37
,book,0.3600,BUY,96427,0.3600,0.37
,book,0.37,SELL,72794,0.3600,0.37
2026-01-03T20:48:24.349211Z,price_change,0.35,BUY,5,0.36,0.37
2026-01-03T20:48:48.245361Z,price_change,0.4,SELL,208,0.36,0.37
2026-01-03T20:48:48.372465Z,price_change,0.4,SELL,-81,0.36,0.37
2026-01-03T20:48:48.64481Z,price_change,0.39,SELL,963,0.36,0.37
2026-01-03T20:48:48.709746Z,price_change,0.4,SELL,-691,0.36,0.37
2026-01-03T20:48:49.653433Z,price_change,0.41000000000000003,SELL,-1665,0.36,0.37
2026-01-03T20:48:49.684745Z,price_change,0.42000000000000004,SELL,1694,0.36,0.37
2026-01-03T20:48:49.74077Z,price_change,0.38,SELL,-13264,0.36,0.37
2026-01-03T20:48:49.838307Z,price_change,0.35,BUY,23697,0.36,0.37
2026-01-03T20:48:50.129007Z,price_change,0.4,SELL,-208,0.36,0.37
2026-01-03T20:48:50.292814Z,price_change,0.38,SELL,13163,0.36,0.37
2026-01-03T20:48:50.924347Z,price_change,0.4,SELL,-81,0.36,0.37
2026-01-03T20:48:51.038669Z,price_change,0.38,SELL,-200,0.36,0.37
2026-01-03T20:48:51.083821Z,price_change,0.39,SELL,200,0.36,0.37
2026-01-03T20:48:51.321394Z,price_change,0.4,SELL,437,0.36,0.37
2026-01-03T20:48:51.472727Z,price_change,0.35,BUY,10,0.36,0.37
2026-01-03T20:48:52.535075Z,price_change,0.4,SELL,-1552,0.36,0.37
2026-01-03T20:48:52.666028Z,price_change,0.4,SELL,-833,0.36,0.37
2026-01-03T20:48:52.71598Z,price_change,0.4,SELL,-437,0.36,0.37
2026-01-03T20:48:53.060985Z,price_change,0.4,SELL,-294,0.36,0.37
2026-01-03T20:48:53.337071Z,price_change,0.4,SELL,294,0.36,0.37
2026-01-03T20:48:54.053839Z,price_change,0.4,SELL,1064,0.36,0.37
2026-01-03T20:48:59.000442Z,price_change,0.35,BUY,-10,0.36,0.37
2026-01-03T20:48:59.000442Z,price_change,0.34,BUY,-500,0.36,0.37
2026-01-03T20:49:03.798573Z,price_change,0.33,BUY,30,0.36,0.37
2026-01-03T20:49:03.799485Z,price_change,0.4,SELL,30,0.36,0.37
2026-01-03T20:49:03.821983Z,price_change,0.33,BUY,30,0.36,0.37
2026-01-03T20:49:03.823023Z,price_change,0.4,SELL,30,0.36,0.37
2026-01-03T20:49:03.825595Z,price_change,0.33,BUY,30,0.36,0.37
2026-01-03T20:49:03.827107Z,price_change,0.4,SELL,30,0.36,0.37
2026-01-03T20:49:16.953278Z,price_change,0.4,SELL,-437,0.36,0.37
2026-01-03T20:49:17.373691Z,price_change,0.4,SELL,38,0.36,0.37
2026-01-03T20:49:25.24698Z,price_change,0.33,BUY,500,0.36,0.37
2026-01-03T20:49:33.579481Z,price_change,0.35,BUY,-5,0.36,0.37
2026-01-03T20:49:43.385751Z,price_change,0.38,SELL,-10,0.36,0.37
2026-01-03T20:49:43.526777Z,price_change,0.38,SELL,10,0.36,0.37
2026-01-03T20:50:01.58625Z,price_change,0.37,SELL,-5,0.36,0.37
2026-01-03T20:50:02.000531Z,price_change,0.34,BUY,-500,0.36,0.37
2026-01-03T20:50:09.697053Z,price_change,0.36,BUY,12,0.36,0.37
2026-01-03T20:50:26.141657Z,price_change,0.34,BUY,500,0.36,0.37
2026-01-03T20:50:48.229636Z,price_change,0.35,BUY,5,0.36,0.37
2026-01-03T20:50:55.500412Z,price_change,0.37,SELL,-129,0.36,0.37
2026-01-03T20:51:08.639396Z,price_change,0.39,SELL,115,0.36,0.37
2026-01-03T20:51:08.714511Z,price_change,0.4,SELL,120,0.36,0.37
2026-01-03T20:51:43.332135Z,price_change,0.34,BUY,500,0.36,0.37
2026-01-03T20:51:43.368603Z,price_change,0.37,SELL,-72,0.36,0.37
2026-01-03T20:51:44.002813Z,price_change,0.33,BUY,-2000,0.36,0.37
2026-01-03T20:51:59.205841Z,price_change,0.33,BUY,-500,0.36,0.37
2026-01-03T20:52:50.555743Z,price_change,0.36,BUY,12,0.36,0.37
2026-01-03T20:53:05.678222Z,price_change,0.37,SELL,-2,0.36,0.37
,book,0.3600,BUY,139962,0.3600,0.37
,book,0.37,SELL,15410,0.3600,0.37
2026-01-03T23:16:07.98983Z,price_change,0.37,SELL,-700,0.36,0.37
2026-01-03T23:16:10.063168Z,price_change,0.4,SELL,-98,0.36,0.37
2026-01-03T23:16:13.969041Z,price_change,0.39,SELL,98,0.36,0.37
2026-01-03T23:16:23.000829Z,price_change,0.33,BUY,-500,0.36,0.37
2026-01-03T23:16:28.304717Z,price_change,0.36,BUY,-200,0.36,0.37
2026-01-03T23:16:28.586091Z,price_change,0.36,BUY,200,0.36,0.37
2026-01-03T23:16:45.109997Z,price_change,0.37,SELL,-12,0.36,0.37
2026-01-03T23:16:49.247673Z,price_change,0.34,BUY,500,0.36,0.37
2026-01-03T23:16:54.596014Z,price_change,0.39,SELL,-98,0.36,0.37
2026-01-03T23:16:58.707461Z,price_change,0.36,BUY,-200,0.36,0.37
2026-01-03T23:16:58.913143Z,price_change,0.36,BUY,200,0.36,0.37
2026-01-03T23:17:26.758331Z,price_change,0.37,SELL,-100,0.36,0.37
2026-01-03T23:17:29.102283Z,price_change,0.36,BUY,-200,0.36,0.37
2026-01-03T23:17:29.205734Z,price_change,0.36,BUY,200,0.36,0.37
2026-01-03T23:17:35.000789Z,price_change,0.33,BUY,-500,0.36,0.37
2026-01-03T23:17:44.965224Z,price_change,0.37,SELL,-200,0.36,0.37
2026-01-03T23:17:51.300586Z,price_change,0.39,SELL,-316,0.36,0.37
2026-01-03T23:17:51.343435Z,price_change,0.39,SELL,-656,0.36,0.37
2026-01-03T23:17:51.877068Z,price_change,0.37,SELL,-258,0.36,0.37
2026-01-03T23:17:52.524708Z,price_change,0.38,SELL,-10,0.36,0.37
2026-01-03T23:17:52.653797Z,price_change,0.38,SELL,10,0.36,0.37
2026-01-03T23:17:56.736551Z,price_change,0.33,BUY,500,0.36,0.37
2026-01-03T23:17:59.304153Z,price_change,0.36,BUY,-200,0.36,0.37
2026-01-03T23:17:59.431679Z,price_change,0.36,BUY,200,0.36,0.37
2026-01-03T23:18:12.812877Z,price_change,0.36,BUY,380,0.36,0.37
2026-01-03T23:18:20.731867Z,price_change,0.4,SELL,-60,0.36,0.37
2026-01-03T23:18:21.221176Z,price_change,0.4,SELL,38,0.36,0.37
2026-01-03T23:18:22.195602Z,price_change,0.37,SELL,-12,0.36,0.37
2026-01-03T23:18:29.764817Z,price_change,0.36,BUY,-200,0.36,0.37
2026-01-03T23:18:29.939586Z,price_change,0.36,BUY,200,0.36,0.37
2026-01-03T23:18:31.841182Z,price_change,0.37,SELL,-12,0.36,0.37
2026-01-03T23:18:37.806205Z,price_change,0.39,SELL,-129,0.36,0.37
2026-01-03T23:18:40.580324Z,price_change,0.35,BUY,-5,0.36,0.37
2026-01-03T23:18:41.235886Z,price_change,0.35,BUY,5,0.36,0.37
2026-01-03T23:18:53.229249Z,price_change,0.35,BUY,-5,0.36,0.37
2026-01-03T23:18:53.915987Z,price_change,0.35,BUY,5,0.36,0.37
2026-01-03T23:19:00.262976Z,price_change,0.36,BUY,-200,0.36,0.37
2026-01-03T23:19:00.516223Z,price_change,0.36,BUY,200,0.36,0.37
2026-01-03T23:19:08.601256Z,price_change,0.39,SELL,-85,0.36,0.37
2026-01-03T23:19:30.849921Z,price_change,0.35,BUY,-1000,0.36,0.37
2026-01-03T23:19:30.851757Z,price_change,0.38,SELL,-1000,0.36,0.37
2026-01-03T23:19:30.853116Z,price_change,0.37,SELL,-183,0.36,0.37
2026-01-03T23:19:30.857708Z,price_change,0.36,BUY,-200,0.36,0.37
2026-01-03T23:19:30.885728Z,price_change,0.37,SELL,-634,0.36,0.37
2026-01-03T23:19:30.885728Z,price_change,0.36,BUY,-816,0.36,0.37
2026-01-03T23:19:31.104778Z,price_change,0.36,BUY,200,0.36,0.37
2026-01-03T23:19:32.945044Z,price_change,0.36,BUY,1000,0.36,0.37
2026-01-03T23:19:32.9469Z,price_change,0.37,SELL,-634,0.36,0.37
2026-01-03T23:19:32.9469Z,price_change,0.36,BUY,-1000,0.36,0.37
2026-01-03T23:19:41.845453Z,price_change,0.35,BUY,-5,0.36,0.37
2026-01-03T23:19:47.138884Z,price_change,0.35,BUY,5,0.36,0.37
2026-01-03T23:19:48.536441Z,price_change,0.37,SELL,-2,0.36,0.37
2026-01-03T23:19:51.998546Z,price_change,0.35,BUY,1000,0.36,0.37
2026-01-03T23:19:52.00054Z,price_change,0.36,BUY,366,0.36,0.37
2026-01-03T23:19:52.003625Z,price_change,0.37,SELL,633,0.36,0.37
2026-01-03T23:19:52.005037Z,price_change,0.38,SELL,1000,0.36,0.37
2026-01-03T23:20:01.203474Z,price_change,0.36,BUY,-200,0.36,0.37
2026-01-03T23:20:01.389297Z,price_change,0.36,BUY,200,0.36,0.37
2026-01-03T23:20:25.3842Z,price_change,0.39,SELL,980,0.36,0.37
2026-01-03T23:20:25.789729Z,price_change,0.39,SELL,-156,0.36,0.37
2026-01-03T23:20:29.003749Z,price_change,0.4,SELL,-38,0.36,0.37
2026-01-03T23:20:29.266854Z,price_change,0.4,SELL,-452,0.36,0.37
2026-01-03T23:20:29.387554Z,price_change,0.4,SELL,38,0.36,0.37
2026-01-03T23:20:30.810041Z,price_change,0.4,SELL,452,0.36,0.37
2026-01-03T23:20:31.505719Z,price_change,0.36,BUY,-200,0.36,0.37
2026-01-03T23:20:31.655171Z,price_change,0.36,BUY,200,0.36,0.37
2026-01-03T23:20:31.711124Z,price_change,0.4,SELL,-452,0.36,0.37
2026-01-03T23:20:31.71238Z,price_change,0.4,SELL,-38,0.36,0.37
2026-01-03T23:20:32.069626Z,price_change,0.4,SELL,490,0.36,0.37
2026-01-03T23:20:34.397618Z,price_change,0.35,BUY,-5,0.36,0.37
2026-01-03T23:20:42.952002Z,price_change,0.35,BUY,5,0.36,0.37
2026-01-03T23:20:56.000229Z,price_change,0.33,BUY,-500,0.36,0.37
2026-01-03T23:21:01.96231Z,price_change,0.36,BUY,-200,0.36,0.37
2026-01-03T23:21:02.274592Z,price_change,0.36,BUY,200,0.36,0.37
2026-01-03T23:21:17.76834Z,price_change,0.33,BUY,500,0.36,0.37
2026-01-03T23:21:26.735625Z,price_change,0.35,BUY,-5,0.36,0.37
2026-01-03T23:21:29.98694Z,price_change,0.35,BUY,5,0.36,0.37
2026-01-03T23:21:32.56779Z,price_change,0.36,BUY,-200,0.36,0.37
2026-01-03T23:21:33.114447Z,price_change,0.36,BUY,200,0.36,0.37
2026-01-03T23:21:36.794609Z,price_change,0.37,SELL,-600,0.36,0.37
2026-01-03T23:21:38.366282Z,price_change,0.35,BUY,-5,0.36,0.37
2026-01-03T23:21:42.307115Z,price_change,0.35,BUY,5,0.36,0.37
2026-01-03T23:21:49.000868Z,price_change,0.34,BUY,-500,0.36,0.37
2026-01-03T23:22:03.304797Z,price_change,0.36,BUY,-200,0.36,0.37
2026-01-03T23:22:03.470304Z,price_change,0.36,BUY,200,0.36,0.37
2026-01-03T23:22:08.291306Z,price_change,0.37,SELL,-125,0.36,0.37
2026-01-03T23:22:14.566998Z,price_change,0.34,BUY,500,0.36,0.37
2026-01-03T23:22:33.763437Z,price_change,0.36,BUY,-200,0.36,0.37
2026-01-03T23:22:34.053198Z,price_change,0.36,BUY,200,0.36,0.37
2026-01-03T23:22:37.894447Z,price_change,0.4,SELL,-38,0.36,0.37
2026-01-03T23:22:38.707125Z,price_change,0.39,SELL,61,0.36,0.37
2026-01-03T23:22:47.13358Z,price_change,0.37,SELL,-100,0.36,0.37
2026-01-03T23:23:04.053029Z,price_change,0.37,SELL,-51,0.36,0.37
2026-01-03T23:23:04.210774Z,price_change,0.36,BUY,-200,0.36,0.37
2026-01-03T23:23:04.311973Z,price_change,0.36,BUY,200,0.36,0.37
2026-01-03T23:23:05.299062Z,price_change,0.38,SELL,-10,0.36,0.37
2026-01-03T23:23:05.440179Z,price_change,0.38,SELL,10,0.36,0.37
2026-01-03T23:23:20.752617Z,price_change,0.35,BUY,-5,0.36,0.37
2026-01-03T23:23:22.903337Z,price_change,0.37,SELL,-256,0.36,0.37
2026-01-03T23:23:34.416731Z,price_change,0.36,BUY,-200,0.36,0.37
2026-01-03T23:23:34.549884Z,price_change,0.36,BUY,200,0.36,0.37
2026-01-03T23:23:37.725845Z,price_change,0.36,BUY,4,0.36,0.37
2026-01-03T23:23:52.489332Z,price_change,0.38,SELL,7,0.36,0.37
2026-01-03T23:24:04.702669Z,price_change,0.36,BUY,-200,0.36,0.37
2026-01-03T23:24:04.880155Z,price_change,0.36,BUY,200,0.36,0.37
2026-01-03T23:24:05.177995Z,price_change,0.38,SELL,-7,0.36,0.37
2026-01-03T23:24:11.204503Z,price_change,0.35,BUY,5,0.36,0.37
2026-01-03T23:24:17.00025Z,price_change,0.33,BUY,-500,0.36,0.37
2026-01-03T23:24:23.07023Z,price_change,0.35,BUY,-5,0.36,0.37
2026-01-03T23:24:27.986891Z,price_change,0.35,BUY,5,0.36,0.37
2026-01-03T23:24:33.24562Z,price_change,0.33,BUY,500,0.36,0.37
2026-01-03T23:24:34.600439Z,price_change,0.37,SELL,-11509,0.36,0.37
2026-01-03T23:24:34.600439Z,price_change,0.37,SELL,-22,0.36,0.37
2026-01-03T23:24:34.600439Z,price_change,0.37,SELL,-633,0.36,0.38
2026-01-03T23:24:34.600439Z,price_change,0.35,BUY,-1000,0.36,0.38
2026-01-03T23:24:34.600439Z,price_change,0.36,BUY,-366,0.36,0.38
2026-01-03T23:24:34.600439Z,price_change,0.38,SELL,-1000,0.36,0.38
2026-01-03T23:24:35.007199Z,price_change,0.36,BUY,-200,0.36,0.38
2026-01-03T23:24:35.112594Z,price_change,0.36,BUY,200,0.36,0.38
2026-01-03T23:24:35.201019Z,price_change,0.41000000000000003,SELL,2000,0.36,0.38
2026-01-03T23:24:48.908367Z,price_change,0.35,BUY,-5,0.36,0.38
2026-01-03T23:24:52.692499Z,price_change,0.39,SELL,7,0.36,0.38
2026-01-03T23:25:05.253077Z,price_change,0.35,BUY,1000,0.36,0.38
2026-01-03T23:25:05.254459Z,price_change,0.36,BUY,999,0.36,0.38
2026-01-03T23:25:05.256567Z,price_change,0.38,SELL,1000,0.36,0.38
2026-01-03T23:25:05.30739Z,price_change,0.36,BUY,-200,0.36,0.38
2026-01-03T23:25:05.407559Z,price_change,0.36,BUY,200,0.36,0.38
2026-01-03T23:25:34.159533Z,price_change,0.38,SELL,-252,0.36,0.38
2026-01-03T23:25:35.506246Z,price_change,0.36,BUY,-200,0.36,0.38
2026-01-03T23:25:35.95453Z,price_change,0.36,BUY,200,0.36,0.38
2026-01-03T23:25:40.682864Z,price_change,0.38,SELL,-2,0.36,0.38
2026-01-03T23:25:41.574907Z,price_change,0.36,BUY,-200,0.36,0.38
2026-01-03T23:25:41.672321Z,price_change,0.36,BUY,200,0.36,0.38
2026-01-03T23:25:51.282814Z,price_change,0.4,SELL,18294,0.36,0.38
2026-01-03T23:25:51.364697Z,price_change,0.4,SELL,19600,0.36,0.38
2026-01-03T23:25:56.041648Z,price_change,0.35,BUY,19138,0.36,0.38
2026-01-03T23:26:02.116158Z,price_change,0.39,SELL,-7,0.36,0.38
2026-01-03T23:26:09.753864Z,price_change,0.39,SELL,7,0.36,0.38
2026-01-03T23:26:11.804495Z,price_change,0.36,BUY,-200,0.36,0.38
2026-01-03T23:26:12.063236Z,price_change,0.36,BUY,200,0.36,0.38
2026-01-03T23:26:42.209742Z,price_change,0.36,BUY,-200,0.36,0.38
2026-01-03T23:26:42.52826Z,price_change,0.36,BUY,200,0.36,0.38
2026-01-03T23:27:06.706376Z,price_change,0.39,SELL,947,0.36,0.38
2026-01-03T23:27:07.165675Z,price_change,0.39,SELL,-947,0.36,0.38
2026-01-03T23:27:10.00762Z,price_change,0.39,SELL,947,0.36,0.38
2026-01-03T23:27:10.060364Z,price_change,0.4,SELL,-490,0.36,0.38
2026-01-03T23:27:12.858514Z,price_change,0.36,BUY,-200,0.36,0.38
2026-01-03T23:27:12.967677Z,price_change,0.36,BUY,200,0.36,0.38
2026-01-03T23:27:14.000009Z,price_change,0.34,BUY,-500,0.36,0.38
2026-01-03T23:27:32.001042Z,price_change,0.33,BUY,-500,0.36,0.38
2026-01-03T23:27:35.401953Z,price_change,0.36,BUY,-999,0.36,0.38
2026-01-03T23:27:35.443481Z,price_change,0.36,BUY,181,0.36,0.38
2026-01-03T23:27:35.445088Z,price_change,0.37,SELL,818,0.36,0.37
2026-01-03T23:27:35.948296Z,price_change,0.41000000000000003,SELL,-2000,0.36,0.37
2026-01-03T23:27:37.523075Z,price_change,0.39,SELL,-7,0.36,0.37
2026-01-03T23:27:39.501555Z,price_change,0.34,BUY,500,0.36,0.37
2026-01-03T23:27:39.950666Z,price_change,0.37,SELL,-25,0.36,0.37
2026-01-03T23:27:43.105621Z,price_change,0.36,BUY,-200,0.36,0.37
2026-01-03T23:27:43.250001Z,price_change,0.36,BUY,200,0.36,0.37
2026-01-03T23:27:52.120451Z,price_change,0.33,BUY,500,0.36,0.37
2026-01-03T23:27:58.33145Z,price_change,0.36,BUY,25,0.36,0.37
2026-01-03T23:27:59.715135Z,price_change,0.37,SELL,-64,0.36,0.37
2026-01-03T23:28:08.675139Z,price_change,0.34,BUY,5612,0.36,0.37
2026-01-03T23:28:09.877776Z,price_change,0.38,SELL,-10,0.36,0.37
2026-01-03T23:28:10.084655Z,price_change,0.38,SELL,10,0.36,0.37
2026-01-03T23:28:10.39648Z,price_change,0.4,SELL,-39,0.36,0.37
2026-01-03T23:28:11.786468Z,price_change,0.4,SELL,51,0.36,0.37
2026-01-03T23:28:13.563001Z,price_change,0.36,BUY,-200,0.36,0.37
2026-01-03T23:28:14.492149Z,price_change,0.37,SELL,-12,0.36,0.37
2026-01-03T23:28:14.691208Z,price_change,0.36,BUY,200,0.36,0.37
2026-01-03T23:28:31.606019Z,price_change,0.36,BUY,76,0.36,0.37
2026-01-03T23:28:42.066609Z,price_change,0.36,BUY,-97407,0.36,0.37
2026-01-03T23:28:42.067806Z,price_change,0.36,BUY,-2708,0.36,0.37
2026-01-03T23:28:44.802532Z,price_change,0.36,BUY,-200,0.36,0.37
2026-01-03T23:28:45.079151Z,price_change,0.36,BUY,200,0.36,0.37
2026-01-03T23:28:49.988731Z,price_change,0.4,SELL,-51,0.36,0.37
2026-01-03T23:28:50.277667Z,price_change,0.39,SELL,46,0.36,0.37
2026-01-03T23:28:51.000652Z,price_change,0.33,BUY,-30,0.36,0.37
2026-01-03T23:28:51.000652Z,price_change,0.33,BUY,-30,0.36,0.37
2026-01-03T23:28:51.000652Z,price_change,0.4,SELL,-30,0.36,0.37
2026-01-03T23:28:51.000652Z,price_change,0.33,BUY,-30,0.36,0.37
2026-01-03T23:28:51.000652Z,price_change,0.4,SELL,-30,0.36,0.37
2026-01-03T23:28:51.000652Z,price_change,0.4,SELL,-30,0.36,0.37
2026-01-03T23:28:56.309008Z,price_change,0.39,SELL,-46,0.36,0.37
2026-01-03T23:28:56.356395Z,price_change,0.39,SELL,-924,0.36,0.37
2026-01-03T23:29:04.789734Z,price_change,0.37,SELL,-717,0.36,0.38
2026-01-03T23:29:04.789734Z,price_change,0.38,SELL,-33,0.36,0.38
2026-01-03T23:29:04.789734Z,price_change,0.35,BUY,-1000,0.36,0.38
2026-01-03T23:29:04.789734Z,price_change,0.38,SELL,-1000,0.36,0.38
2026-01-03T23:29:04.789734Z,price_change,0.36,BUY,-181,0.36,0.38
2026-01-03T23:29:04.789734Z,price_change,0.36,BUY,-25,0.36,0.38
2026-01-03T23:29:04.789734Z,price_change,0.36,BUY,-76,0.36,0.38
2026-01-03T23:29:05.366202Z,price_change,0.41000000000000003,SELL,2000,0.36,0.38
2026-01-03T23:29:05.78317Z,price_change,0.39,SELL,7,0.36,0.38
2026-01-03T23:29:12.980499Z,price_change,0.35,BUY,1000,0.36,0.38
2026-01-03T23:29:12.981955Z,price_change,0.36,BUY,999,0.36,0.38
2026-01-03T23:29:12.983274Z,price_change,0.38,SELL,1000,0.36,0.38
2026-01-03T23:29:15.206075Z,price_change,0.36,BUY,-200,0.36,0.38
2026-01-03T23:29:15.332726Z,price_change,0.36,BUY,200,0.36,0.38
2026-01-03T23:29:45.506393Z,price_change,0.36,BUY,-200,0.36,0.38
2026-01-03T23:29:45.804383Z,price_change,0.36,BUY,200,0.36,0.38
2026-01-03T23:29:52.926603Z,price_change,0.36,BUY,-200,0.36,0.38
2026-01-03T23:29:53.030631Z,price_change,0.36,BUY,200,0.36,0.38
2026-01-03T23:30:00.838552Z,price_change,0.36,BUY,-200,0.36,0.38
2026-01-03T23:30:00.94717Z,price_change,0.36,BUY,200,0.36,0.38
2026-01-03T23:30:05.287774Z,price_change,0.39,SELL,-417,0.36,0.38
2026-01-03T23:30:05.345172Z,price_change,0.39,SELL,-23,0.36,0.38
2026-01-03T23:30:05.346213Z,price_change,0.39,SELL,-61,0.36,0.38
2026-01-03T23:30:06.741018Z,price_change,0.37,BUY,19,0.37,0.38
2026-01-03T23:30:06.996429Z,price_change,0.36,BUY,-200,0.37,0.38
2026-01-03T23:30:07.178004Z,price_change,0.33,BUY,-2000,0.37,0.38
2026-01-03T23:30:11.150874Z,price_change,0.39,SELL,-206,0.37,0.38
2026-01-03T23:30:42.792608Z,price_change,0.37,BUY,10,0.37,0.38
2026-01-03T23:30:49.162112Z,price_change,0.38,SELL,-15,0.37,0.38
2026-01-03T23:30:51.000251Z,price_change,0.33,BUY,-500,0.37,0.38
2026-01-03T23:30:55.386064Z,price_change,0.35,BUY,14,0.37,0.38
2026-01-03T23:30:58.527271Z,price_change,0.39,SELL,-201,0.37,0.38
2026-01-03T23:31:00.493197Z,price_change,0.39,SELL,-7,0.37,0.38
2026-01-03T23:31:07.451533Z,price_change,0.39,SELL,-204,0.37,0.38
2026-01-03T23:31:13.649128Z,price_change,0.33,BUY,500,0.37,0.38
2026-01-03T23:31:20.844828Z,price_change,0.39,SELL,7,0.37,0.38
2026-01-03T23:31:35.06551Z,price_change,0.38,SELL,-753,0.37,0.38
2026-01-03T23:31:35.3878Z,price_change,0.38,SELL,-115,0.37,0.38
2026-01-03T23:31:37.166492Z,price_change,0.38,SELL,-100,0.37,0.38
2026-01-03T23:32:20.799228Z,price_change,0.39,SELL,-38,0.37,0.38
2026-01-03T23:32:28.987548Z,price_change,0.38,SELL,-100,0.37,0.38
2026-01-03T23:32:28.987548Z,price_change,0.38,SELL,-21,0.37,0.38
2026-01-03T23:32:28.987548Z,price_change,0.38,SELL,-8,0.37,0.38
2026-01-03T23:32:39.000457Z,price_change,0.34,BUY,-500,0.37,0.38
2026-01-03T23:32:39.211606Z,price_change,0.38,SELL,-1612,0.37,0.38
2026-01-03T23:32:39.211606Z,price_change,0.38,SELL,-388,0.37,0.38
2026-01-03T23:32:44.850534Z,price_change,0.38,SELL,-15,0.37,0.38
2026-01-03T23:33:05.072199Z,price_change,0.34,BUY,500,0.37,0.38
2026-01-03T23:33:13.577102Z,price_change,0.38,SELL,-10,0.37,0.38
2026-01-03T23:33:13.705812Z,price_change,0.38,SELL,10,0.37,0.38
2026-01-03T23:33:38.658336Z,price_change,0.39,SELL,-1185,0.37,0.38
2026-01-03T23:33:38.859452Z,price_change,0.4,SELL,1534,0.37,0.38
2026-01-03T23:33:46.496136Z,price_change,0.38,SELL,-25,0.37,0.38
2026-01-03T23:33:52.962073Z,price_change,0.38,SELL,-5,0.37,0.38
2026-01-03T23:34:05.248829Z,price_change,0.39,SELL,-26,0.37,0.38
2026-01-03T23:34:13.000187Z,price_change,0.33,BUY,-500,0.37,0.38
2026-01-03T23:34:15.872829Z,price_change,0.39,SELL,980,0.37,0.38
2026-01-03T23:34:17.074423Z,price_change,0.39,SELL,452,0.37,0.38
2026-01-03T23:34:33.110044Z,price_change,0.33,BUY,500,0.37,0.38
2026-01-03T23:34:37.062664Z,price_change,0.36,BUY,-4,0.37,0.38
2026-01-03T23:34:37.062664Z,price_change,0.37,BUY,4,0.37,0.38
2026-01-03T23:34:38.17943Z,price_change,0.37,BUY,41,0.37,0.38
2026-01-03T23:34:48.897629Z,price_change,0.39,SELL,157,0.37,0.38
2026-01-03T23:34:55.462504Z,price_change,0.39,SELL,980,0.37,0.38
2026-01-03T23:35:11.165549Z,price_change,0.4,SELL,-849,0.37,0.38
2026-01-03T23:35:11.388374Z,price_change,0.4,SELL,844,0.37,0.38
2026-01-03T23:35:46.244156Z,price_change,0.38,SELL,-24,0.37,0.38
2026-01-03T23:36:19.110606Z,price_change,0.38,SELL,-20,0.37,0.38
2026-01-03T23:36:44.55922Z,price_change,0.38,SELL,-5,0.37,0.38
2026-01-03T23:36:44.815408Z,price_change,0.37,BUY,56,0.37,0.38
2026-01-03T23:36:48.228983Z,price_change,0.37,BUY,15,0.37,0.38
2026-01-03T23:37:12.456299Z,price_change,0.38,SELL,-176,0.37,0.38
2026-01-03T23:37:20.286131Z,price_change,0.38,SELL,-48,0.37,0.38
2026-01-03T23:37:21.877235Z,price_change,0.5,SELL,2000,0.37,0.38
2026-01-03T23:37:32.001233Z,price_change,0.33,BUY,-500,0.37,0.38
2026-01-03T23:37:38.091725Z,price_change,0.38,SELL,-25,0.37,0.38
2026-01-03T23:37:42.599719Z,price_change,0.37,BUY,40,0.37,0.38
2026-01-03T23:37:45.880357Z,price_change,0.37,BUY,-19,0.37,0.38
2026-01-03T23:37:45.880357Z,price_change,0.37,BUY,-10,0.37,0.38
2026-01-03T23:37:45.880357Z,price_change,0.37,BUY,-4,0.37,0.38
2026-01-03T23:37:45.880357Z,price_change,0.37,BUY,-41,0.37,0.38
2026-01-03T23:37:45.880357Z,price_change,0.37,BUY,-56,0.37,0.38
2026-01-03T23:37:45.880357Z,price_change,0.37,BUY,-15,0.37,0.38
2026-01-03T23:37:45.880357Z,price_change,0.37,BUY,-40,0.36,0.38
2026-01-03T23:37:45.980834Z,price_change,0.36,BUY,200,0.36,0.38
2026-01-03T23:37:46.545276Z,price_change,0.33,BUY,2000,0.36,0.38
2026-01-03T23:37:51.754226Z,price_change,0.33,BUY,500,0.36,0.38
2026-01-03T23:37:52.496789Z,price_change,0.38,SELL,-47,0.36,0.38
2026-01-03T23:37:59.209405Z,price_change,0.36,BUY,-2000,0.36,0.38
2026-01-03T23:38:02.299865Z,price_change,0.35,BUY,-200,0.36,0.38
2026-01-03T23:38:02.299865Z,price_change,0.33,BUY,200,0.36,0.38
2026-01-03T23:38:04.001185Z,price_change,0.34,BUY,-500,0.36,0.38
2026-01-03T23:38:06.1997Z,price_change,0.38,SELL,-36,0.36,0.38
2026-01-03T23:38:11.629887Z,price_change,0.39,SELL,-257,0.36,0.38
2026-01-03T23:38:13.945776Z,price_change,0.38,SELL,-500,0.36,0.38
2026-01-03T23:38:16.107167Z,price_change,0.36,BUY,-200,0.36,0.38
2026-01-03T23:38:16.244165Z,price_change,0.36,BUY,200,0.36,0.38
2026-01-03T23:38:17.368887Z,price_change,0.38,SELL,-10,0.36,0.38
2026-01-03T23:38:17.526905Z,price_change,0.38,SELL,10,0.36,0.38
2026-01-03T23:38:30.001653Z,price_change,0.34,BUY,500,0.36,0.38
2026-01-03T23:38:36.993161Z,price_change,0.35,BUY,-1000,0.36,0.38
2026-01-03T23:38:36.994021Z,price_change,0.38,SELL,-1000,0.36,0.38
2026-01-03T23:38:37.05181Z,price_change,0.36,BUY,1,0.36,0.38
2026-01-03T23:38:37.052972Z,price_change,0.37,BUY,112,0.37,0.38
2026-01-03T23:38:37.053906Z,price_change,0.38,SELL,887,0.37,0.38
2026-01-03T23:38:37.054807Z,price_change,0.39,SELL,1000,0.37,0.38
2026-01-03T23:38:37.159214Z,price_change,0.36,BUY,-200,0.37,0.38
2026-01-03T23:38:37.679663Z,price_change,0.33,BUY,-2000,0.37,0.38
2026-01-03T23:38:43.477549Z,price_change,0.38,SELL,-7,0.37,0.38
2026-01-03T23:38:55.163659Z,price_change,0.37,BUY,15,0.37,0.38
2026-01-03T23:39:00.045694Z,price_change,0.38,SELL,-25,0.37,0.38
2026-01-03T23:39:07.232952Z,price_change,0.37,BUY,-112,0.37,0.38
2026-01-03T23:39:07.304675Z,price_change,0.38,SELL,112,0.37,0.38
2026-01-03T23:39:12.08844Z,price_change,0.36,BUY,-8553,0.37,0.38
2026-01-03T23:39:26.085507Z,price_change,0.39,SELL,1476,0.37,0.38
2026-01-03T23:39:27.288379Z,price_change,0.39,SELL,261,0.37,0.38
2026-01-03T23:39:43.132911Z,price_change,0.34,BUY,30,0.37,0.38
2026-01-03T23:39:43.133862Z,price_change,0.41000000000000003,SELL,30,0.37,0.38
2026-01-03T23:39:43.151186Z,price_change,0.34,BUY,30,0.37,0.38
2026-01-03T23:39:43.152393Z,price_change,0.34,BUY,30,0.37,0.38
2026-01-03T23:39:43.15296Z,price_change,0.41000000000000003,SELL,30,0.37,0.38
2026-01-03T23:39:43.153201Z,price_change,0.41000000000000003,SELL,30,0.37,0.38
2026-01-03T23:39:45.48954Z,price_change,0.38,SELL,-6,0.37,0.38
2026-01-03T23:39:50.030713Z,price_change,0.39,SELL,-261,0.37,0.38
2026-01-03T23:39:50.156264Z,price_change,0.39,SELL,-82,0.37,0.38
2026-01-03T23:39:51.794822Z,price_change,0.39,SELL,-7,0.37,0.38
2026-01-03T23:39:52.731946Z,price_change,0.39,SELL,-196,0.37,0.38
2026-01-03T23:39:54.150052Z,price_change,0.39,SELL,-490,0.37,0.38
2026-01-03T23:39:55.404895Z,price_change,0.39,SELL,7,0.37,0.38
2026-01-03T23:40:11.96611Z,price_change,0.35,BUY,4206,0.37,0.38
2026-01-03T23:40:30.283062Z,price_change,0.39,SELL,32,0.37,0.38
2026-01-03T23:40:37.515653Z,price_change,0.38,SELL,-887,0.37,0.38
2026-01-03T23:40:37.543962Z,price_change,0.37,BUY,156,0.37,0.38
2026-01-03T23:40:37.545093Z,price_change,0.38,SELL,731,0.37,0.38
2026-01-03T23:40:51.002843Z,price_change,0.33,BUY,-500,0.37,0.38
2026-01-03T23:40:56.271549Z,price_change,0.37,BUY,-156,0.37,0.38
2026-01-03T23:40:56.296543Z,price_change,0.38,SELL,156,0.37,0.38
2026-01-03T23:41:17.021021Z,price_change,0.33,BUY,500,0.37,0.38
2026-01-03T23:41:30.494361Z,price_change,0.38,SELL,-30,0.37,0.38
2026-01-03T23:41:32.656056Z,price_change,0.38,SELL,-87,0.37,0.38
2026-01-03T23:41:32.856726Z,price_change,0.38,SELL,-100,0.37,0.38
2026-01-03T23:41:45.790224Z,price_change,0.37,BUY,35,0.37,0.38
2026-01-03T23:41:47.886442Z,price_change,0.38,SELL,-37,0.37,0.38
2026-01-03T23:41:50.197858Z,price_change,0.38,SELL,-5,0.37,0.38
2026-01-03T23:41:51.739303Z,price_change,0.38,SELL,-25,0.37,0.38
2026-01-03T23:41:55.600395Z,price_change,0.39,SELL,-32,0.37,0.38
2026-01-03T23:41:55.646686Z,price_change,0.39,SELL,-40,0.37,0.38
2026-01-03T23:42:00.489384Z,price_change,0.39,SELL,79,0.37,0.38
2026-01-03T23:42:01.974104Z,price_change,0.4,SELL,-4098,0.37,0.38
2026-01-03T23:42:02.130291Z,price_change,0.39,SELL,-861,0.37,0.38
2026-01-03T23:42:02.245596Z,price_change,0.39,SELL,-723,0.37,0.38
2026-01-03T23:42:02.24675Z,price_change,0.39,SELL,-668,0.37,0.38
2026-01-03T23:42:02.24786Z,price_change,0.39,SELL,-79,0.37,0.38
2026-01-03T23:42:02.252413Z,price_change,0.39,SELL,-980,0.37,0.38
2026-01-03T23:42:02.253897Z,price_change,0.39,SELL,-157,0.37,0.38
2026-01-03T23:42:02.255025Z,price_change,0.39,SELL,-452,0.37,0.38
2026-01-03T23:42:02.256755Z,price_change,0.4,SELL,-844,0.37,0.38
2026-01-03T23:42:02.342112Z,price_change,0.4,SELL,-3084,0.37,0.38
2026-01-03T23:42:13.900034Z,price_change,0.38,SELL,-12,0.37,0.38
2026-01-03T23:42:26.747515Z,price_change,0.38,SELL,-125,0.37,0.38
2026-01-03T23:42:27.232765Z,price_change,0.4,SELL,3920,0.37,0.38
2026-01-03T23:42:27.233696Z,price_change,0.39,SELL,3920,0.37,0.38
2026-01-03T23:42:28.497412Z,price_change,0.38,SELL,-300000,0.37,0.38
2026-01-03T23:42:29.461782Z,price_change,0.35,BUY,-200,0.37,0.38
2026-01-03T23:42:29.491597Z,price_change,0.34,BUY,200,0.37,0.38
2026-01-03T23:42:29.500963Z,price_change,0.38,SELL,300000,0.37,0.38
2026-01-03T23:42:29.609169Z,price_change,0.4,SELL,-844,0.37,0.38
2026-01-03T23:42:29.771145Z,price_change,0.39,SELL,830,0.37,0.38
2026-01-03T23:42:31.681833Z,price_change,0.4,SELL,196,0.37,0.38
2026-01-03T23:42:37.653242Z,price_change,0.38,SELL,-112,0.37,0.38
2026-01-03T23:42:37.654494Z,price_change,0.38,SELL,-731,0.37,0.38
2026-01-03T23:42:37.694242Z,price_change,0.37,BUY,549,0.37,0.38
2026-01-03T23:42:37.69587Z,price_change,0.38,SELL,294,0.37,0.38
2026-01-03T23:42:37.699007Z,price_change,0.36,BUY,-999,0.37,0.38
2026-01-03T23:42:37.699007Z,price_change,0.36,BUY,-1,0.37,0.38
2026-01-03T23:42:37.699007Z,price_change,0.39,SELL,-1000,0.37,0.38
2026-01-03T23:42:37.699007Z,price_change,0.38,SELL,-156,0.37,0.38
2026-01-03T23:42:37.699007Z,price_change,0.37,BUY,-549,0.37,0.38
2026-01-03T23:42:37.699007Z,price_change,0.38,SELL,-294,0.37,0.38
2026-01-03T23:42:41.742452Z,price_change,0.36,BUY,1000,0.37,0.38
2026-01-03T23:42:41.74339Z,price_change,0.37,BUY,549,0.37,0.38
2026-01-03T23:42:41.744211Z,price_change,0.38,SELL,450,0.37,0.38
2026-01-03T23:42:41.745112Z,price_change,0.39,SELL,1000,0.37,0.38
2026-01-03T23:42:41.747435Z,price_change,0.36,BUY,-1000,0.37,0.38
2026-01-03T23:42:41.747435Z,price_change,0.37,BUY,-549,0.37,0.38
2026-01-03T23:42:41.747435Z,price_change,0.38,SELL,-450,0.37,0.38
2026-01-03T23:42:41.747435Z,price_change,0.39,SELL,-1000,0.37,0.38
2026-01-03T23:42:43.843815Z,price_change,0.37,BUY,-15,0.37,0.38
2026-01-03T23:42:43.843815Z,price_change,0.37,BUY,-14,0.37,0.38
2026-01-03T23:42:44.860069Z,price_change,0.37,BUY,38,0.37,0.38
2026-01-03T23:43:10.541446Z,price_change,0.39,SELL,4358,0.37,0.38
2026-01-03T23:43:12.844933Z,price_change,0.39,SELL,-1237,0.37,0.38
2026-01-03T23:43:13.521386Z,price_change,0.39,SELL,1237,0.37,0.38
2026-01-03T23:43:14.48075Z,price_change,0.36,BUY,-380,0.37,0.38
2026-01-03T23:43:15.283412Z,price_change,0.36,BUY,1000,0.37,0.38
2026-01-03T23:43:15.28438Z,price_change,0.38,SELL,999,0.37,0.38
2026-01-03T23:43:15.285378Z,price_change,0.39,SELL,1000,0.37,0.38
2026-01-03T23:43:16.482598Z,price_change,0.39,SELL,5388,0.37,0.38
2026-01-03T23:43:16.560481Z,price_change,0.39,SELL,-51,0.37,0.38
2026-01-03T23:43:16.88448Z,price_change,0.38,SELL,-300000,0.37,0.38
2026-01-03T23:43:17.011038Z,price_change,0.39,SELL,300000,0.37,0.38
2026-01-03T23:43:17.086933Z,price_change,0.4,SELL,-196,0.37,0.38
2026-01-03T23:43:17.139341Z,price_change,0.4,SELL,-1768,0.37,0.38
2026-01-03T23:43:17.584714Z,price_change,0.34,BUY,-200,0.37,0.38
2026-01-03T23:43:17.61376Z,price_change,0.35,BUY,200,0.37,0.38
2026-01-03T23:43:17.710211Z,price_change,0.4,SELL,-144,0.37,0.38
2026-01-03T23:43:18.733717Z,price_change,0.38,SELL,-10,0.37,0.38
2026-01-03T23:43:18.870128Z,price_change,0.38,SELL,10,0.37,0.38
2026-01-03T23:43:18.916933Z,price_change,0.39,SELL,-831,0.37,0.38
2026-01-03T23:43:19.08557Z,price_change,0.4,SELL,844,0.37,0.38
2026-01-03T23:43:20.923724Z,price_change,0.42000000000000004,SELL,4,0.37,0.38
2026-01-03T23:43:29.000228Z,price_change,0.34,BUY,-500,0.37,0.38
2026-01-03T23:43:45.890792Z,price_change,0.39,SELL,-982,0.37,0.38
2026-01-03T23:43:55.21982Z,price_change,0.34,BUY,500,0.37,0.38
2026-01-03T23:43:58.724412Z,price_change,0.39,SELL,-300000,0.37,0.38
2026-01-03T23:43:58.853225Z,price_change,0.38,SELL,300000,0.37,0.38
2026-01-03T23:44:14.002354Z,price_change,0.33,BUY,-500,0.37,0.38
2026-01-03T23:44:33.83999Z,price_change,0.4,SELL,-52,0.37,0.38
2026-01-03T23:44:34.173681Z,price_change,0.38,SELL,-300000,0.37,0.38
2026-01-03T23:44:34.6149Z,price_change,0.39,SELL,52,0.37,0.38
2026-01-03T23:44:35.17472Z,price_change,0.38,SELL,300000,0.37,0.38
2026-01-03T23:44:35.359569Z,price_change,0.4,SELL,1959,0.37,0.38
2026-01-03T23:44:35.582315Z,price_change,0.39,SELL,-1237,0.37,0.38
2026-01-03T23:44:35.690983Z,price_change,0.35,BUY,-200,0.37,0.38
2026-01-03T23:44:35.720094Z,price_change,0.34,BUY,200,0.37,0.38
2026-01-03T23:44:35.934315Z,price_change,0.39,SELL,1237,0.37,0.38
2026-01-03T23:44:38.029993Z,price_change,0.4,SELL,-844,0.37,0.38
2026-01-03T23:44:38.11142Z,price_change,0.39,SELL,830,0.37,0.38
2026-01-03T23:44:43.510208Z,price_change,0.33,BUY,500,0.37,0.38
2026-01-03T23:45:35.684716Z,price_change,0.39,SELL,977,0.37,0.38
2026-01-03T23:45:45.083389Z,price_change,0.38,SELL,-243,0.37,0.38
2026-01-03T23:45:56.896342Z,price_change,0.37,BUY,38,0.37,0.38
2026-01-03T23:46:01.524405Z,price_change,0.38,SELL,-38,0.37,0.38
2026-01-03T23:46:04.352191Z,price_change,0.38,SELL,-300000,0.37,0.38
2026-01-03T23:46:05.355477Z,price_change,0.38,SELL,300000,0.37,0.38
2026-01-03T23:46:09.762896Z,price_change,0.39,SELL,-131,0.37,0.38
2026-01-03T23:46:12.566491Z,price_change,0.38,SELL,-12,0.37,0.38
2026-01-03T23:46:19.287165Z,price_change,0.38,SELL,-1550,0.37,0.38
2026-01-03T23:46:29.953076Z,price_change,0.39,SELL,-61,0.37,0.38
2026-01-03T23:46:30.182756Z,price_change,0.39,SELL,57,0.37,0.38
2026-01-03T23:46:38.601626Z,price_change,0.36,BUY,-1000,0.37,0.38
2026-01-03T23:46:38.603081Z,price_change,0.39,SELL,-1000,0.37,0.38
2026-01-03T23:46:38.652534Z,price_change,0.36,BUY,451,0.37,0.38
2026-01-03T23:46:38.653499Z,price_change,0.35,BUY,1000,0.37,0.38
2026-01-03T23:46:38.654372Z,price_change,0.38,SELL,1,0.37,0.38
2026-01-03T23:46:38.65511Z,price_change,0.37,BUY,-21,0.37,0.38
2026-01-03T23:46:38.65511Z,price_change,0.37,BUY,-38,0.37,0.38
2026-01-03T23:46:38.65511Z,price_change,0.37,BUY,-38,0.36,0.38
2026-01-03T23:46:38.65511Z,price_change,0.37,SELL,451,0.36,0.37
2026-01-03T23:46:38.691777Z,price_change,0.39,SELL,-7,0.36,0.37
2026-01-03T23:46:38.937255Z,price_change,0.36,BUY,200,0.36,0.37
2026-01-03T23:46:39.718901Z,price_change,0.33,BUY,2000,0.36,0.37
2026-01-03T23:46:39.719433Z,price_change,0.41000000000000003,SELL,-2000,0.36,0.37
2026-01-03T23:46:41.904917Z,price_change,0.37,SELL,97,0.36,0.37
2026-01-03T23:46:52.326324Z,price_change,0.37,SELL,-1,0.36,0.37
2026-01-03T23:46:55.497624Z,price_change,0.37,SELL,-450,0.36,0.37
2026-01-03T23:46:55.515283Z,price_change,0.36,BUY,98,0.36,0.37
2026-01-03T23:46:55.516651Z,price_change,0.37,SELL,353,0.36,0.37
2026-01-03T23:47:09.265501Z,price_change,0.36,BUY,-200,0.36,0.37
2026-01-03T23:47:09.464469Z,price_change,0.36,BUY,200,0.36,0.37
2026-01-03T23:47:10.214847Z,price_change,0.37,SELL,-1,0.36,0.37
2026-01-03T23:47:13.238436Z,price_change,0.4,SELL,-51,0.36,0.37
2026-01-03T23:47:25.211636Z,price_change,0.36,BUY,1,0.36,0.37
2026-01-03T23:47:26.000815Z,price_change,0.35,BUY,1,0.36,0.37
2026-01-03T23:47:29.8507Z,price_change,0.37,SELL,-75,0.36,0.37
2026-01-03T23:47:34.53601Z,price_change,0.38,SELL,-300000,0.36,0.37
2026-01-03T23:47:34.665503Z,price_change,0.37,SELL,300000,0.36,0.37
2026-01-03T23:47:37.219309Z,price_change,0.36,BUY,1,0.36,0.37
2026-01-03T23:47:37.375086Z,price_change,0.36,BUY,-451,0.36,0.37
2026-01-03T23:47:37.393765Z,price_change,0.36,BUY,526,0.36,0.37
2026-01-03T23:47:37.553547Z,price_change,0.4,SELL,51,0.36,0.37
2026-01-03T23:47:39.60505Z,price_change,0.36,BUY,-200,0.36,0.37
2026-01-03T23:47:40.17433Z,price_change,0.36,BUY,200,0.36,0.37
2026-01-03T23:47:43.004293Z,price_change,0.33,BUY,-500,0.36,0.37
2026-01-03T23:47:47.297275Z,price_change,0.4,SELL,-10147,0.36,0.37
2026-01-03T23:47:47.298277Z,price_change,0.4,SELL,-19029,0.36,0.37
2026-01-03T23:47:47.29935Z,price_change,0.4,SELL,-2535,0.36,0.37
2026-01-03T23:47:47.300455Z,price_change,0.4,SELL,-17015,0.36,0.37
2026-01-03T23:47:47.301407Z,price_change,0.4,SELL,-3652,0.36,0.37
2026-01-03T23:47:47.302379Z,price_change,0.4,SELL,-14196,0.36,0.37
2026-01-03T23:47:47.303621Z,price_change,0.4,SELL,-9755,0.36,0.37
2026-01-03T23:47:47.304458Z,price_change,0.36,BUY,-200,0.36,0.37
2026-01-03T23:47:47.304756Z,price_change,0.36,BUY,-17771,0.36,0.37
2026-01-03T23:47:47.305796Z,price_change,0.35,BUY,-1900,0.36,0.37
2026-01-03T23:47:47.306815Z,price_change,0.38,SELL,54263,0.36,0.37
2026-01-03T23:47:47.308213Z,price_change,0.34,BUY,58506,0.36,0.37
2026-01-03T23:47:47.326344Z,price_change,0.4,SELL,-500,0.36,0.37
2026-01-03T23:47:47.326344Z,price_change,0.39,SELL,500,0.36,0.37
2026-01-03T23:47:47.560553Z,price_change,0.36,BUY,-5000,0.36,0.37
2026-01-03T23:47:47.582356Z,price_change,0.4,SELL,-5,0.36,0.37
2026-01-03T23:47:47.629936Z,price_change,0.4,SELL,-130,0.36,0.37
2026-01-03T23:47:47.630936Z,price_change,0.4,SELL,-3704,0.36,0.37
2026-01-03T23:47:47.631969Z,price_change,0.4,SELL,-59,0.36,0.37
2026-01-03T23:47:47.633134Z,price_change,0.4,SELL,-7246,0.36,0.37
2026-01-03T23:47:47.634087Z,price_change,0.4,SELL,-208,0.36,0.37
2026-01-03T23:47:47.635055Z,price_change,0.4,SELL,-51,0.36,0.37
2026-01-03T23:47:47.635922Z,price_change,0.4,SELL,-174,0.36,0.37
2026-01-03T23:47:47.637086Z,price_change,0.4,SELL,-1086,0.36,0.37
2026-01-03T23:47:47.638186Z,price_change,0.4,SELL,-1959,0.36,0.37
2026-01-03T23:47:47.639034Z,price_change,0.4,SELL,-19618,0.36,0.37
2026-01-03T23:47:47.640052Z,price_change,0.4,SELL,-18819,0.36,0.37
2026-01-03T23:47:47.640698Z,price_change,0.39,SELL,2000,0.36,0.37
2026-01-03T23:47:47.641171Z,price_change,0.4,SELL,-1126,0.36,0.37
2026-01-03T23:47:47.642312Z,price_change,0.4,SELL,-839,0.36,0.37
2026-01-03T23:47:47.643166Z,price_change,0.4,SELL,-4,0.36,0.37
2026-01-03T23:47:47.644098Z,price_change,0.4,SELL,-11785,0.36,0.37
2026-01-03T23:47:47.645022Z,price_change,0.4,SELL,-479,0.36,0.37
2026-01-03T23:47:47.646203Z,price_change,0.4,SELL,-233,0.36,0.37
2026-01-03T23:47:47.647339Z,price_change,0.35,BUY,-1000,0.36,0.37
2026-01-03T23:47:47.647502Z,price_change,0.4,SELL,-452,0.36,0.37
2026-01-03T23:47:47.648436Z,price_change,0.4,SELL,-15138,0.36,0.37
2026-01-03T23:47:47.649001Z,price_change,0.35,BUY,-1000,0.36,0.37
2026-01-03T23:47:47.649525Z,price_change,0.4,SELL,-1164,0.36,0.37
2026-01-03T23:47:47.703554Z,price_change,0.4,SELL,-792,0.36,0.37
2026-01-03T23:47:47.704859Z,price_change,0.4,SELL,-1115,0.36,0.37
2026-01-03T23:47:47.708783Z,price_change,0.35,BUY,5000,0.36,0.37
2026-01-03T23:47:47.823735Z,price_change,0.38,SELL,59088,0.36,0.37
2026-01-03T23:47:47.910307Z,price_change,0.36,BUY,-75,0.36,0.37
2026-01-03T23:47:47.933773Z,price_change,0.39,SELL,-5000,0.36,0.37
2026-01-03T23:47:47.933773Z,price_change,0.38,SELL,5000,0.36,0.37
2026-01-03T23:47:47.944852Z,price_change,0.39,SELL,-52,0.36,0.37
2026-01-03T23:47:48.199407Z,price_change,0.35,BUY,-75,0.36,0.37
2026-01-03T23:47:48.549537Z,price_change,0.39,SELL,-100,0.36,0.37
2026-01-03T23:47:48.74062Z,price_change,0.37,SELL,-21,0.36,0.37
2026-01-03T23:47:48.74062Z,price_change,0.37,SELL,-179,0.36,0.37
2026-01-03T23:47:48.790034Z,price_change,0.38,SELL,980,0.36,0.37
2026-01-03T23:47:52.541905Z,price_change,0.38,SELL,-3099,0.36,0.37
2026-01-03T23:47:52.575616Z,price_change,0.38,SELL,-3375,0.36,0.37
2026-01-03T23:47:52.619658Z,price_change,0.38,SELL,-980,0.36,0.37
2026-01-03T23:47:58.823228Z,price_change,0.33,BUY,500,0.36,0.37
2026-01-03T23:47:58.905872Z,price_change,0.35,BUY,75,0.36,0.37
2026-01-03T23:47:58.906794Z,price_change,0.38,SELL,75,0.36,0.37
2026-01-03T23:48:00.590976Z,price_change,0.39,SELL,52,0.36,0.37
2026-01-03T23:48:04.468855Z,price_change,0.36,BUY,-98,0.36,0.37
2026-01-03T23:48:04.517324Z,price_change,0.36,BUY,298,0.36,0.37
2026-01-03T23:48:09.82788Z,price_change,0.34,BUY,100,0.36,0.37
2026-01-03T23:48:09.987529Z,price_change,0.39,SELL,100,0.36,0.37
2026-01-03T23:48:11.762446Z,price_change,0.39,SELL,31,0.36,0.37
2026-01-03T23:48:21.582321Z,price_change,0.38,SELL,-10,0.36,0.37
2026-01-03T23:48:21.705238Z,price_change,0.38,SELL,10,0.36,0.37
2026-01-03T23:48:23.200549Z,price_change,0.38,SELL,1105,0.36,0.37
2026-01-03T23:48:24.840356Z,price_change,0.38,SELL,-26,0.36,0.37
2026-01-03T23:48:25.710991Z,price_change,0.37,SELL,-12,0.36,0.37
2026-01-03T23:48:39.143027Z,price_change,0.36,BUY,-1,0.36,0.37
2026-01-03T23:48:39.145175Z,price_change,0.36,BUY,-526,0.36,0.37
2026-01-03T23:48:39.193945Z,price_change,0.36,BUY,414,0.36,0.37
2026-01-03T23:48:39.194777Z,price_change,0.37,SELL,125,0.36,0.37
2026-01-03T23:48:43.084018Z,price_change,0.37,SELL,-25,0.36,0.37
2026-01-03T23:48:45.913196Z,price_change,0.38,SELL,544,0.36,0.37
2026-01-03T23:48:47.954853Z,price_change,0.34,BUY,183925,0.36,0.37
2026-01-03T23:48:48.586024Z,price_change,0.39,SELL,-26,0.36,0.37
2026-01-03T23:48:48.627937Z,price_change,0.39,SELL,-31,0.36,0.37
2026-01-03T23:48:54.001719Z,price_change,0.34,BUY,-500,0.36,0.37
2026-01-03T23:48:55.117232Z,price_change,0.37,SELL,-137,0.36,0.37
2026-01-03T23:48:55.16357Z,price_change,0.36,BUY,37,0.36,0.37
2026-01-03T23:48:55.164678Z,price_change,0.37,SELL,125,0.36,0.37
2026-01-03T23:48:55.229114Z,price_change,0.35,BUY,12263,0.36,0.37
2026-01-03T23:49:02.846076Z,price_change,0.34,BUY,5428,0.36,0.37
2026-01-03T23:49:19.400156Z,price_change,0.33,BUY,500,0.36,0.37
2026-01-03T23:49:25.347772Z,price_change,0.4,SELL,-1534,0.36,0.37
2026-01-03T23:49:25.468912Z,price_change,0.38,SELL,151,0.36,0.37
2026-01-03T23:49:32.476212Z,price_change,0.37,SELL,-1,0.36,0.37
2026-01-03T23:49:57.555455Z,price_change,0.38,SELL,98,0.36,0.37
2026-01-03T23:50:04.985751Z,price_change,0.37,SELL,-12,0.36,0.37
2026-01-03T23:50:25.571872Z,price_change,0.37,SELL,-25,0.36,0.37
2026-01-03T23:50:25.803594Z,price_change,0.38,SELL,-40,0.36,0.37
2026-01-03T23:50:25.852055Z,price_change,0.38,SELL,-98,0.36,0.37
2026-01-03T23:50:28.640642Z,price_change,0.37,SELL,-51,0.36,0.37
2026-01-03T23:50:29.341601Z,price_change,0.37,SELL,-50,0.36,0.37
2026-01-03T23:50:29.906396Z,price_change,0.37,SELL,-25,0.36,0.37
2026-01-03T23:50:39.849774Z,price_change,0.36,BUY,-414,0.36,0.37
2026-01-03T23:50:39.850683Z,price_change,0.35,BUY,-1000,0.36,0.37
2026-01-03T23:50:39.851443Z,price_change,0.36,BUY,-298,0.36,0.37
2026-01-03T23:50:39.852338Z,price_change,0.36,BUY,-37,0.36,0.37
2026-01-03T23:50:39.853184Z,price_change,0.38,SELL,-1,0.36,0.37
2026-01-03T23:50:39.854043Z,price_change,0.38,SELL,-999,0.36,0.37
2026-01-03T23:50:39.878563Z,price_change,0.34,BUY,1000,0.36,0.37
2026-01-03T23:50:39.87981Z,price_change,0.35,BUY,961,0.36,0.37
2026-01-03T23:50:39.880976Z,price_change,0.36,BUY,-38,0.36,0.37
2026-01-03T23:50:39.881903Z,price_change,0.37,SELL,750,0.36,0.37
2026-01-03T23:50:54.148906Z,price_change,0.34,BUY,-1000,0.36,0.37
2026-01-03T23:50:54.150659Z,price_change,0.37,SELL,-125,0.36,0.37
2026-01-03T23:50:54.199399Z,price_change,0.35,BUY,39,0.36,0.37
2026-01-03T23:50:54.200945Z,price_change,0.36,BUY,37,0.36,0.37
2026-01-03T23:50:54.202498Z,price_change,0.37,SELL,87,0.36,0.37
2026-01-03T23:50:54.204086Z,price_change,0.38,SELL,1000,0.36,0.37
2026-01-03T23:50:58.000139Z,price_change,0.33,BUY,-500,0.36,0.37
2026-01-03T23:51:12.432369Z,price_change,0.38,SELL,-265,0.36,0.37
2026-01-03T23:51:14.289169Z,price_change,0.34,BUY,6730,0.36,0.37
2026-01-03T23:51:27.568522Z,price_change,0.33,BUY,500,0.36,0.37
2026-01-03T23:52:13.557349Z,price_change,0.37,SELL,-38,0.36,0.37
2026-01-03T23:52:14.515486Z,price_change,0.37,SELL,-33,0.36,0.37
2026-01-03T23:52:28.934716Z,price_change,0.38,SELL,-239,0.36,0.37
2026-01-03T23:52:29.039544Z,price_change,0.38,SELL,-305,0.36,0.37
2026-01-03T23:52:40.347409Z,price_change,0.37,SELL,-8,0.36,0.37
2026-01-03T23:52:51.925611Z,price_change,0.38,SELL,1237,0.36,0.37
2026-01-03T23:52:51.929419Z,price_change,0.38,SELL,179,0.36,0.37
2026-01-03T23:52:52.286386Z,price_change,0.39,SELL,-1237,0.36,0.37
2026-01-03T23:52:58.207307Z,price_change,0.34,BUY,-3385,0.36,0.37
2026-01-03T23:53:23.993461Z,price_change,0.38,SELL,-10,0.36,0.37
2026-01-03T23:53:24.125077Z,price_change,0.38,SELL,10,0.36,0.37
2026-01-03T23:53:33.830366Z,price_change,0.34,BUY,-3345,0.36,0.37
2026-01-03T23:53:33.831439Z,price_change,0.34,BUY,-5428,0.36,0.37
2026-01-03T23:53:33.832415Z,price_change,0.34,BUY,-80940,0.36,0.37
2026-01-03T23:53:33.833295Z,price_change,0.35,BUY,125455,0.36,0.37
2026-01-03T23:53:58.678321Z,price_change,0.34,BUY,-3014,0.36,0.37
2026-01-03T23:54:00.178169Z,price_change,0.41000000000000003,SELL,-30,0.36,0.37
2026-01-03T23:54:00.262709Z,price_change,0.34,BUY,-30,0.36,0.37
2026-01-03T23:54:00.350742Z,price_change,0.41000000000000003,SELL,-30,0.36,0.37
2026-01-03T23:54:00.442313Z,price_change,0.34,BUY,-30,0.36,0.37
2026-01-03T23:54:00.527598Z,price_change,0.41000000000000003,SELL,-30,0.36,0.37
2026-01-03T23:54:00.614413Z,price_change,0.34,BUY,-30,0.36,0.37
2026-01-03T23:54:00.817273Z,price_change,0.33,BUY,30,0.36,0.37
2026-01-03T23:54:00.819287Z,price_change,0.4,SELL,30,0.36,0.37
2026-01-03T23:54:00.834293Z,price_change,0.33,BUY,30,0.36,0.37
2026-01-03T23:54:00.836769Z,price_change,0.4,SELL,30,0.36,0.37
2026-01-03T23:54:00.839738Z,price_change,0.33,BUY,30,0.36,0.37
2026-01-03T23:54:00.841592Z,price_change,0.4,SELL,30,0.36,0.37
2026-01-03T23:54:18.683492Z,price_change,0.34,BUY,-2292,0.36,0.37
2026-01-03T23:54:19.000493Z,price_change,0.33,BUY,-500,0.36,0.37
2026-01-03T23:54:27.000264Z,price_change,0.33,BUY,-500,0.36,0.37
2026-01-03T23:54:45.04671Z,price_change,0.33,BUY,500,0.36,0.37
2026-01-03T23:54:48.689562Z,price_change,0.34,BUY,-1983,0.36,0.37
2026-01-03T23:54:49.096755Z,price_change,0.33,BUY,500,0.36,0.37
2026-01-03T23:54:53.782093Z,price_change,0.39,SELL,1196,0.36,0.37
2026-01-03T23:55:07.108231Z,price_change,0.38,SELL,-28,0.36,0.37
2026-01-03T23:55:08.694106Z,price_change,0.34,BUY,-1988,0.36,0.37
2026-01-03T23:55:18.695855Z,price_change,0.34,BUY,-3480,0.36,0.37
2026-01-03T23:55:26.457657Z,price_change,0.37,SELL,-2,0.36,0.37
2026-01-03T23:55:32.678163Z,price_change,0.37,SELL,-128,0.36,0.37
2026-01-03T23:55:38.172987Z,price_change,0.39,SELL,-980,0.36,0.37
2026-01-03T23:55:38.325201Z,price_change,0.39,SELL,980,0.36,0.37
2026-01-03T23:55:38.700314Z,price_change,0.34,BUY,-2124,0.36,0.37
2026-01-03T23:55:44.970582Z,price_change,0.7,SELL,-612,0.36,0.37
2026-01-03T23:55:45.03239Z,price_change,0.1,BUY,-600,0.36,0.37
2026-01-03T23:55:45.207Z,price_change,0.1,BUY,615,0.36,0.37
2026-01-03T23:55:45.26444Z,price_change,0.7,SELL,601,0.36,0.37
2026-01-03T23:55:49.201088Z,price_change,0.37,SELL,-12,0.36,0.37
2026-01-03T23:55:52.064833Z,price_change,0.39,SELL,-4765,0.36,0.37
2026-01-03T23:55:52.065951Z,price_change,0.35,BUY,-5350,0.36,0.37
2026-01-03T23:55:52.066934Z,price_change,0.34,BUY,4983,0.36,0.37
2026-01-03T23:55:56.578463Z,price_change,0.37,SELL,-17,0.36,0.37
2026-01-03T23:55:58.739326Z,price_change,0.39,SELL,-785,0.36,0.37
2026-01-03T23:55:58.741009Z,price_change,0.39,SELL,-2494,0.36,0.37
2026-01-03T23:55:58.742854Z,price_change,0.39,SELL,-5,0.36,0.37
2026-01-03T23:55:58.7448Z,price_change,0.39,SELL,-830,0.36,0.37
2026-01-03T23:55:58.746296Z,price_change,0.39,SELL,-980,0.36,0.37
2026-01-03T23:55:58.747805Z,price_change,0.39,SELL,-216,0.36,0.37
2026-01-03T23:55:58.749572Z,price_change,0.39,SELL,-830,0.36,0.37
2026-01-03T23:55:58.750981Z,price_change,0.39,SELL,-26,0.36,0.37
2026-01-03T23:55:58.752675Z,price_change,0.39,SELL,-52,0.36,0.37
2026-01-03T23:55:59.089463Z,price_change,0.39,SELL,-358,0.36,0.37
2026-01-03T23:56:10.312259Z,price_change,0.37,SELL,-5,0.36,0.37
2026-01-03T23:56:17.080643Z,price_change,0.37,SELL,-112,0.36,0.37
2026-01-03T23:56:17.604424Z,price_change,0.37,SELL,-1000,0.36,0.37
2026-01-03T23:56:18.715423Z,price_change,0.34,BUY,-2010,0.36,0.37
2026-01-03T23:56:32.042156Z,price_change,0.33,BUY,1237,0.36,0.37
2026-01-03T23:56:32.201638Z,price_change,0.34,BUY,-1237,0.36,0.37
2026-01-03T23:56:32.54658Z,price_change,0.39,SELL,-51,0.36,0.37
2026-01-03T23:56:33.432117Z,price_change,0.39,SELL,52,0.36,0.37
2026-01-03T23:56:38.723288Z,price_change,0.34,BUY,-2145,0.36,0.37
2026-01-03T23:56:47.339938Z,price_change,0.38,SELL,-43,0.36,0.37
2026-01-03T23:56:54.086447Z,price_change,0.37,SELL,-50,0.36,0.37
2026-01-03T23:56:58.731547Z,price_change,0.34,BUY,-828,0.36,0.37
2026-01-03T23:56:58.732954Z,price_change,0.34,BUY,-737,0.36,0.37
2026-01-03T23:57:15.556047Z,price_change,0.37,SELL,-25,0.36,0.37
2026-01-03T23:57:18.741755Z,price_change,0.34,BUY,-2370,0.36,0.37
2026-01-03T23:57:21.419288Z,price_change,0.38,SELL,-98,0.36,0.37
2026-01-03T23:57:27.187613Z,price_change,0.37,SELL,-10,0.36,0.37
2026-01-03T23:57:38.298976Z,price_change,0.38,SELL,-1332,0.36,0.37
2026-01-03T23:57:38.347387Z,price_change,0.38,SELL,-10,0.36,0.37
2026-01-03T23:57:48.001931Z,price_change,0.33,BUY,-500,0.36,0.37
2026-01-03T23:57:52.930402Z,price_change,0.36,BUY,-1179,0.36,0.37
2026-01-03T23:58:05.985916Z,price_change,0.33,BUY,500,0.36,0.37
2026-01-03T23:58:13.380022Z,price_change,0.37,SELL,-25,0.36,0.37
2026-01-03T23:58:37.282907Z,price_change,0.39,SELL,-623,0.36,0.37
2026-01-03T23:58:37.28413Z,price_change,0.39,SELL,-3720,0.36,0.37
2026-01-03T23:58:37.38489Z,price_change,0.39,SELL,-1445,0.36,0.37
2026-01-03T23:58:37.438988Z,price_change,0.39,SELL,-52,0.36,0.37
2026-01-03T23:58:37.440486Z,price_change,0.39,SELL,-3511,0.36,0.37
2026-01-03T23:58:38.4139Z,price_change,0.38,SELL,-10,0.36,0.37
2026-01-03T23:58:38.544169Z,price_change,0.38,SELL,10,0.36,0.37
2026-01-03T23:58:41.915631Z,price_change,0.37,SELL,-100,0.36,0.37
2026-01-03T23:58:43.529592Z,price_change,0.39,SELL,-1115,0.36,0.37
2026-01-03T23:58:43.530541Z,price_change,0.39,SELL,-2663,0.36,0.37
2026-01-03T23:58:43.564894Z,price_change,0.39,SELL,-80,0.36,0.37
2026-01-03T23:58:43.617819Z,price_change,0.39,SELL,-159,0.36,0.37
2026-01-03T23:58:43.619159Z,price_change,0.39,SELL,-2021,0.36,0.37
2026-01-03T23:58:43.62014Z,price_change,0.39,SELL,-970,0.36,0.37
2026-01-03T23:58:43.621448Z,price_change,0.39,SELL,-1126,0.36,0.37
2026-01-03T23:58:44.559549Z,price_change,0.37,SELL,-125,0.36,0.37
2026-01-03T23:58:47.672796Z,price_change,0.1,BUY,250,0.36,0.37
2026-01-03T23:58:55.610813Z,price_change,0.38,SELL,4465,0.36,0.37
2026-01-03T23:58:55.643734Z,price_change,0.38,SELL,6525,0.36,0.37
2026-01-03T23:58:57.563007Z,price_change,0.4,SELL,-3830,0.36,0.37
2026-01-03T23:58:58.278523Z,price_change,0.35,BUY,-5471,0.36,0.37
2026-01-03T23:58:59.371879Z,price_change,0.39,SELL,-5535,0.36,0.37
2026-01-03T23:59:04.686574Z,price_change,0.35,BUY,-732,0.36,0.37
2026-01-03T23:59:07.829169Z,price_change,0.36,BUY,-3243,0.36,0.37
2026-01-03T23:59:11.608328Z,price_change,0.38,SELL,-48,0.36,0.37
2026-01-03T23:59:14.225596Z,price_change,0.1,BUY,-250,0.36,0.37
2026-01-03T23:59:16.90695Z,price_change,0.38,SELL,-38,0.36,0.37
2026-01-03T23:59:18.674367Z,price_change,0.39,SELL,-343,0.36,0.37
2026-01-03T23:59:18.922237Z,price_change,0.38,SELL,-1105,0.36,0.37
2026-01-03T23:59:20.117826Z,price_change,0.34,BUY,-373,0.36,0.37
2026-01-03T23:59:24.437738Z,price_change,0.37,SELL,-100,0.36,0.37
2026-01-03T23:59:34.630389Z,price_change,0.4,SELL,-1108,0.36,0.37
2026-01-03T23:59:36.412797Z,price_change,0.34,BUY,-5612,0.36,0.37
2026-01-03T23:59:39.949874Z,price_change,0.38,SELL,-2060,0.36,0.37
2026-01-03T23:59:42.4637Z,price_change,0.33,BUY,-1237,0.36,0.37
2026-01-03T23:59:43.402881Z,price_change,0.36,BUY,50,0.36,0.37
2026-01-03T23:59:43.557847Z,price_change,0.33,BUY,1237,0.36,0.37
2026-01-03T23:59:44.001362Z,price_change,0.33,BUY,-500,0.36,0.37
2026-01-03T23:59:54.952339Z,price_change,0.39,SELL,-980,0.36,0.37
2026-01-03T23:59:56.456874Z,price_change,0.33,BUY,-1237,0.36,0.37
2026-01-03T23:59:57.753922Z,price_change,0.33,BUY,1237,0.36,0.37
2026-01-03T23:59:57.785031Z,price_change,0.38,SELL,544,0.36,0.37
2026-01-04T00:00:03.152619Z,price_change,0.35,BUY,-3420,0.36,0.37
2026-01-04T00:00:03.154041Z,price_change,0.34,BUY,3412,0.36,0.37
2026-01-04T00:00:08.021714Z,price_change,0.37,SELL,-100,0.36,0.37
2026-01-04T00:00:10.799143Z,price_change,0.33,BUY,500,0.36,0.37
2026-01-04T00:00:17.780357Z,price_change,0.37,SELL,-15,0.36,0.37
,book,0.3600,BUY,1060,0.3600,0.37
,book,0.37,SELL,298893,0.3600,0.37
2026-01-04T00:00:45.000084Z,price_change,0.35,BUY,-14,0.36,0.37
,book,0.3700,BUY,341,0.3700,0.38
,book,0.38,SELL,718087,0.3700,0.38
