timestamp,event_type,price,side,size,best_bid,best_ask
,book,0.4300,BUY,7507,0.4300,0.45
,book,0.45,SELL,41065,0.4300,0.45
2026-01-04T15:09:15.629903Z,price_change,0.45999999999999996,SELL,50,0.43,0.45
2026-01-04T15:09:20.439426Z,price_change,0.4,BUY,500,0.43,0.45
,book,0.4300,BUY,7507,0.4300,0.45
,book,0.45,SELL,41065,0.4300,0.45
,book,0.4100,BUY,11103,0.4100,0.42
,book,0.42,SELL,36157,0.4100,0.42
,book,0.4100,BUY,11062,0.4100,0.42
,book,0.42,SELL,32401,0.4100,0.42
,book,0.4100,BUY,10101,0.4100,0.42
,book,0.42,SELL,55303,0.4100,0.42
2026-01-04T15:45:14.403404Z,price_change,0.42000000000000004,SELL,-18,0.41,0.42
2026-01-04T15:45:16.468562Z,price_change,0.36,BUY,-750,0.41,0.42
2026-01-04T15:45:19.231168Z,price_change,0.45999999999999996,SELL,-95,0.41,0.42
2026-01-04T15:45:19.393528Z,price_change,0.43000000000000005,SELL,184,0.41,0.42
2026-01-04T15:45:20.772798Z,price_change,0.43000000000000005,SELL,-50,0.41,0.42
2026-01-04T15:45:33.550045Z,price_change,0.43000000000000005,SELL,50,0.41,0.42
2026-01-04T15:46:21.861467Z,price_change,0.43000000000000005,SELL,-50,0.41,0.42
2026-01-04T15:46:28.740415Z,price_change,0.45999999999999996,SELL,-5787,0.41,0.42
2026-01-04T15:46:28.748741Z,price_change,0.44999999999999996,SELL,5682,0.41,0.42
2026-01-04T15:46:28.833949Z,price_change,0.42000000000000004,SELL,-56,0.41,0.42
2026-01-04T15:46:28.861118Z,price_change,0.35,BUY,750,0.41,0.42
2026-01-04T15:46:57.532556Z,price_change,0.42000000000000004,SELL,-44,0.41,0.42
2026-01-04T15:47:01.839229Z,price_change,0.43000000000000005,SELL,50,0.41,0.42
2026-01-04T15:47:14.103427Z,price_change,0.43000000000000005,SELL,-10000,0.41,0.42
2026-01-04T15:47:20.657374Z,price_change,0.42000000000000004,SELL,10000,0.41,0.42
2026-01-04T15:47:24.003076Z,price_change,0.38,BUY,-500,0.41,0.42
2026-01-04T15:47:31.353928Z,price_change,0.43000000000000005,SELL,-50,0.41,0.42
2026-01-04T15:47:32.060339Z,price_change,0.4,BUY,70,0.41,0.42
2026-01-04T15:48:15.043386Z,price_change,0.43000000000000005,SELL,50,0.41,0.42
2026-01-04T15:48:16.79191Z,price_change,0.38,BUY,500,0.41,0.42
2026-01-04T15:48:31.285095Z,price_change,0.42000000000000004,SELL,-22,0.41,0.42
2026-01-04T15:48:37.628026Z,price_change,0.42000000000000004,SELL,-46,0.41,0.42
2026-01-04T15:48:37.851899Z,price_change,0.42000000000000004,SELL,39,0.41,0.42
2026-01-04T15:48:45.572643Z,price_change,0.43000000000000005,SELL,-50,0.41,0.42
2026-01-04T15:49:08.238015Z,price_change,0.42000000000000004,SELL,-210,0.41,0.42
2026-01-04T15:49:08.545021Z,price_change,0.41,BUY,-459,0.41,0.42
2026-01-04T15:49:08.545021Z,price_change,0.41,BUY,-2000,0.41,0.42
2026-01-04T15:49:08.545021Z,price_change,0.41,BUY,-1803,0.41,0.42
2026-01-04T15:49:08.768178Z,price_change,0.4,BUY,-200,0.41,0.42
2026-01-04T15:49:08.788101Z,price_change,0.39,BUY,200,0.41,0.42
2026-01-04T15:49:08.824244Z,price_change,0.43000000000000005,SELL,-200,0.41,0.42
2026-01-04T15:49:08.858221Z,price_change,0.42000000000000004,SELL,200,0.41,0.42
2026-01-04T15:49:21.874133Z,price_change,0.42000000000000004,SELL,40,0.41,0.42
2026-01-04T15:49:23.611969Z,price_change,0.43000000000000005,SELL,50,0.41,0.42
2026-01-04T15:49:28.149141Z,price_change,0.43000000000000005,SELL,-50,0.41,0.42
2026-01-04T15:49:31.000083Z,price_change,0.38,BUY,-500,0.41,0.42
2026-01-04T15:49:32.19223Z,price_change,0.42000000000000004,SELL,-22,0.41,0.42
2026-01-04T15:49:37.775499Z,price_change,0.42000000000000004,SELL,-44,0.41,0.42
2026-01-04T15:49:42.210957Z,price_change,0.4,BUY,247,0.41,0.42
2026-01-04T15:49:58.643125Z,price_change,0.38,BUY,500,0.41,0.42
2026-01-04T15:49:58.667796Z,price_change,0.43000000000000005,SELL,50,0.41,0.42
2026-01-04T15:50:08.724142Z,price_change,0.42000000000000004,SELL,-11,0.41,0.42
2026-01-04T15:50:16.301073Z,price_change,0.43000000000000005,SELL,-50,0.41,0.42
2026-01-04T15:50:16.301982Z,price_change,0.4,BUY,50,0.41,0.42
2026-01-04T15:50:38.035967Z,price_change,0.4,BUY,-50,0.41,0.42
2026-01-04T15:50:40.442801Z,price_change,0.42000000000000004,SELL,-5000,0.41,0.42
2026-01-04T15:50:55.313844Z,price_change,0.42000000000000004,SELL,-112,0.41,0.42
2026-01-04T15:50:55.943374Z,price_change,0.42000000000000004,SELL,-100,0.41,0.42
2026-01-04T15:50:59.706721Z,price_change,0.43000000000000005,SELL,50,0.41,0.42
2026-01-04T15:51:16.003234Z,price_change,0.38,BUY,-500,0.41,0.42
2026-01-04T15:51:22.165489Z,price_change,0.43000000000000005,SELL,-50,0.41,0.42
2026-01-04T15:51:28.3093Z,price_change,0.42000000000000004,SELL,-6,0.41,0.42
2026-01-04T15:52:00.876233Z,price_change,0.43000000000000005,SELL,50,0.41,0.42
2026-01-04T15:52:11.073236Z,price_change,0.38,BUY,500,0.41,0.42
2026-01-04T15:52:15.445397Z,price_change,0.42000000000000004,SELL,-22,0.41,0.42
2026-01-04T15:52:21.292517Z,price_change,0.42000000000000004,SELL,-4,0.41,0.42
2026-01-04T15:52:32.853701Z,price_change,0.43000000000000005,SELL,-50,0.41,0.42
2026-01-04T15:52:38.348553Z,price_change,0.42000000000000004,SELL,-112,0.41,0.42
2026-01-04T15:53:13.524928Z,price_change,0.42000000000000004,SELL,14,0.41,0.42
2026-01-04T15:53:13.603966Z,price_change,0.43999999999999995,SELL,-94,0.41,0.42
2026-01-04T15:53:13.605533Z,price_change,0.43999999999999995,SELL,-141,0.41,0.42
2026-01-04T15:53:13.606814Z,price_change,0.43999999999999995,SELL,-729,0.41,0.42
2026-01-04T15:53:13.608059Z,price_change,0.43999999999999995,SELL,-148,0.41,0.42
2026-01-04T15:53:13.609375Z,price_change,0.43999999999999995,SELL,-1128,0.41,0.42
2026-01-04T15:53:13.90949Z,price_change,0.42000000000000004,SELL,-14,0.41,0.42
2026-01-04T15:53:13.934783Z,price_change,0.35,BUY,-750,0.41,0.42
2026-01-04T15:53:13.934783Z,price_change,0.36,BUY,84,0.41,0.42
2026-01-04T15:53:14.206299Z,price_change,0.43999999999999995,SELL,2240,0.41,0.42
2026-01-04T15:53:28.158703Z,price_change,0.43000000000000005,SELL,50,0.41,0.42
2026-01-04T15:53:34.199029Z,price_change,0.42000000000000004,SELL,-9,0.41,0.42
2026-01-04T15:53:55.877321Z,price_change,0.42000000000000004,SELL,-163,0.41,0.42
2026-01-04T15:53:55.90859Z,price_change,0.36,BUY,-18,0.41,0.42
2026-01-04T15:53:56.060392Z,price_change,0.39,BUY,-200,0.41,0.42
2026-01-04T15:53:56.12315Z,price_change,0.4,BUY,200,0.41,0.42
2026-01-04T15:53:56.249762Z,price_change,0.42000000000000004,SELL,-200,0.41,0.42
2026-01-04T15:53:56.283677Z,price_change,0.43000000000000005,SELL,200,0.41,0.42
2026-01-04T15:54:02.849673Z,price_change,0.43000000000000005,SELL,-50,0.41,0.42
2026-01-04T15:54:23.558742Z,price_change,0.42000000000000004,SELL,-11,0.41,0.42
2026-01-04T15:54:23.581149Z,price_change,0.36,BUY,-52,0.41,0.42
2026-01-04T15:54:25.014829Z,price_change,0.42000000000000004,SELL,-56,0.41,0.42
2026-01-04T15:54:32.634514Z,price_change,0.43000000000000005,SELL,50,0.41,0.42
2026-01-04T15:54:33.549456Z,price_change,0.39,BUY,-500,0.41,0.42
2026-01-04T15:54:33.664253Z,price_change,0.4,BUY,500,0.41,0.42
2026-01-04T15:54:52.446338Z,price_change,0.42000000000000004,SELL,-25000,0.41,0.42
2026-01-04T15:54:52.446338Z,price_change,0.43000000000000005,SELL,25000,0.41,0.42
2026-01-04T15:54:52.476608Z,price_change,0.36,BUY,-14,0.41,0.42
2026-01-04T15:54:52.476608Z,price_change,0.35,BUY,750,0.41,0.42
2026-01-04T15:54:53.548425Z,price_change,0.42000000000000004,SELL,-44,0.41,0.42
2026-01-04T15:54:58.439498Z,price_change,0.42000000000000004,SELL,-4,0.41,0.42
2026-01-04T15:55:05.723402Z,price_change,0.42000000000000004,SELL,-5,0.41,0.42
2026-01-04T15:55:09.640416Z,price_change,0.42000000000000004,SELL,-67,0.41,0.42
2026-01-04T15:55:11.002113Z,price_change,0.38,BUY,-500,0.41,0.42
2026-01-04T15:55:14.643669Z,price_change,0.42000000000000004,SELL,-2,0.41,0.42
2026-01-04T15:55:21.976664Z,price_change,0.42000000000000004,SELL,-951,0.41,0.42
2026-01-04T15:55:28.383961Z,price_change,0.43000000000000005,SELL,-50,0.41,0.42
2026-01-04T15:55:40.49961Z,price_change,0.42000000000000004,SELL,-1,0.41,0.42
2026-01-04T15:55:41.5079Z,price_change,0.43000000000000005,SELL,50,0.41,0.42
2026-01-04T15:55:50.260465Z,price_change,0.42000000000000004,SELL,-47,0.41,0.42
2026-01-04T15:55:53.199225Z,price_change,0.41,BUY,2000,0.41,0.42
2026-01-04T15:55:53.233728Z,price_change,0.35,BUY,-750,0.41,0.42
2026-01-04T15:55:53.233728Z,price_change,0.36,BUY,750,0.41,0.42
2026-01-04T15:56:10.249909Z,price_change,0.38,BUY,500,0.41,0.42
2026-01-04T15:56:41.739714Z,price_change,0.43000000000000005,SELL,-50,0.41,0.42
2026-01-04T15:57:15.640627Z,price_change,0.42000000000000004,SELL,-46,0.41,0.42
2026-01-04T15:57:26.96921Z,price_change,0.42000000000000004,SELL,-27,0.41,0.42
2026-01-04T15:58:30.812394Z,price_change,0.43000000000000005,SELL,50,0.41,0.42
2026-01-04T15:58:30.944598Z,price_change,0.42000000000000004,SELL,-11,0.41,0.42
2026-01-04T15:58:33.545887Z,price_change,0.42000000000000004,SELL,-228,0.41,0.42
2026-01-04T15:58:59.107423Z,price_change,0.42000000000000004,SELL,-60,0.41,0.42
2026-01-04T15:58:59.135201Z,price_change,0.36,BUY,-470,0.41,0.42
2026-01-04T15:59:10.001235Z,price_change,0.38,BUY,-500,0.41,0.42
2026-01-04T15:59:12.471647Z,price_change,0.42000000000000004,SELL,-22,0.41,0.42
2026-01-04T15:59:23.03354Z,price_change,0.43000000000000005,SELL,-50,0.41,0.42
2026-01-04T15:59:43.946467Z,price_change,0.43000000000000005,SELL,50,0.41,0.42
2026-01-04T15:59:58.0005Z,price_change,0.38,BUY,-500,0.41,0.42
2026-01-04T16:00:00.190277Z,price_change,0.43000000000000005,SELL,-200,0.41,0.42
2026-01-04T16:00:00.393531Z,price_change,0.4,BUY,-200,0.41,0.42
2026-01-04T16:00:00.592335Z,price_change,0.41,BUY,105,0.41,0.42
2026-01-04T16:00:06.113069Z,price_change,0.38,BUY,500,0.41,0.42
2026-01-04T16:00:17.85167Z,price_change,0.42000000000000004,SELL,-34,0.41,0.42
2026-01-04T16:00:17.873772Z,price_change,0.36,BUY,-140,0.41,0.42
2026-01-04T16:00:23.268373Z,price_change,0.38,BUY,500,0.41,0.42
2026-01-04T16:00:28.064539Z,price_change,0.42000000000000004,SELL,-13,0.41,0.42
2026-01-04T16:00:42.465916Z,price_change,0.43000000000000005,SELL,-57,0.41,0.42
2026-01-04T16:00:46.435812Z,price_change,0.43000000000000005,SELL,-50,0.41,0.42
2026-01-04T16:01:02.116292Z,price_change,0.43999999999999995,SELL,-1112,0.41,0.42
2026-01-04T16:01:03.145776Z,price_change,0.43000000000000005,SELL,50,0.41,0.42
2026-01-04T16:01:16.656696Z,price_change,0.42000000000000004,SELL,-15,0.41,0.42
2026-01-04T16:01:16.682641Z,price_change,0.36,BUY,5,0.41,0.42
2026-01-04T16:01:24.567193Z,price_change,0.43000000000000005,SELL,-50,0.41,0.42
2026-01-04T16:01:31.757743Z,price_change,0.42000000000000004,SELL,-12,0.41,0.42
2026-01-04T16:01:52.983349Z,price_change,0.42000000000000004,SELL,-233,0.41,0.42
2026-01-04T16:01:59.629886Z,price_change,0.42000000000000004,SELL,-100,0.41,0.42
2026-01-04T16:02:24.614365Z,price_change,0.42000000000000004,SELL,-2,0.41,0.42
2026-01-04T16:02:24.656507Z,price_change,0.36,BUY,-5,0.41,0.42
2026-01-04T16:02:29.359191Z,price_change,0.42000000000000004,SELL,-2,0.41,0.42
2026-01-04T16:02:31.593421Z,price_change,0.42000000000000004,SELL,-2,0.41,0.42
2026-01-04T16:03:00.015371Z,price_change,0.43000000000000005,SELL,50,0.41,0.42
2026-01-04T16:03:01.982279Z,price_change,0.42000000000000004,SELL,-2,0.41,0.42
2026-01-04T16:03:06.000729Z,price_change,0.38,BUY,-500,0.41,0.42
2026-01-04T16:03:46.022974Z,price_change,0.42000000000000004,SELL,-250,0.41,0.42
2026-01-04T16:03:53.425097Z,price_change,0.38,BUY,500,0.41,0.42
2026-01-04T16:04:04.901104Z,price_change,0.42000000000000004,SELL,-6,0.41,0.42
2026-01-04T16:04:04.923479Z,price_change,0.36,BUY,-140,0.41,0.42
2026-01-04T16:04:04.923479Z,price_change,0.35,BUY,750,0.41,0.42
2026-01-04T16:04:08.899285Z,price_change,0.43000000000000005,SELL,-50,0.41,0.42
2026-01-04T16:04:25.356226Z,price_change,0.42000000000000004,SELL,-100,0.41,0.42
2026-01-04T16:04:30.066431Z,price_change,0.42000000000000004,SELL,-500,0.41,0.42
2026-01-04T16:04:53.117192Z,price_change,0.43000000000000005,SELL,50,0.41,0.42
2026-01-04T16:04:58.605233Z,price_change,0.42000000000000004,SELL,-500,0.41,0.42
2026-01-04T16:05:00.91227Z,price_change,0.42000000000000004,SELL,-22,0.41,0.42
2026-01-04T16:05:14.164767Z,price_change,0.43000000000000005,SELL,-50,0.41,0.42
2026-01-04T16:05:22.098462Z,price_change,0.42000000000000004,SELL,-1000,0.41,0.42
2026-01-04T16:05:30.64784Z,price_change,0.42000000000000004,SELL,-5,0.41,0.42
2026-01-04T16:05:38.768448Z,price_change,0.42000000000000004,SELL,-1,0.41,0.42
2026-01-04T16:05:43.676062Z,price_change,0.4,BUY,50,0.41,0.42
2026-01-04T16:06:14.584221Z,price_change,0.4,BUY,-50,0.41,0.42
2026-01-04T16:06:17.14756Z,price_change,0.42000000000000004,SELL,-1,0.41,0.42
2026-01-04T16:06:29.873235Z,price_change,0.42000000000000004,SELL,-11,0.41,0.42
2026-01-04T16:06:52.952219Z,price_change,0.43000000000000005,SELL,50,0.41,0.42
2026-01-04T16:06:53.00049Z,price_change,0.38,BUY,-500,0.41,0.42
2026-01-04T16:07:01.450788Z,price_change,0.41,BUY,-2000,0.41,0.42
2026-01-04T16:07:01.450788Z,price_change,0.4,BUY,2000,0.41,0.42
2026-01-04T16:07:01.524056Z,price_change,0.45999999999999996,SELL,-2000,0.41,0.42
2026-01-04T16:07:01.524056Z,price_change,0.44999999999999996,SELL,2000,0.41,0.42
2026-01-04T16:07:14.117817Z,price_change,0.43000000000000005,SELL,-50,0.41,0.42
2026-01-04T16:07:44.362501Z,price_change,0.43000000000000005,SELL,50,0.41,0.42
2026-01-04T16:07:54.035663Z,price_change,0.38,BUY,500,0.41,0.42
2026-01-04T16:07:57.918078Z,price_change,0.42000000000000004,SELL,-568,0.41,0.42
2026-01-04T16:08:01.344307Z,price_change,0.41,BUY,13,0.41,0.42
2026-01-04T16:08:43.986887Z,price_change,0.42000000000000004,SELL,-200,0.41,0.42
2026-01-04T16:08:45.098282Z,price_change,0.43000000000000005,SELL,-50,0.41,0.42
2026-01-04T16:08:58.26458Z,price_change,0.43000000000000005,SELL,50,0.41,0.42
2026-01-04T16:09:15.863804Z,price_change,0.43000000000000005,SELL,-50,0.41,0.42
2026-01-04T16:09:20.04434Z,price_change,0.42000000000000004,SELL,-110,0.41,0.42
2026-01-04T16:09:32.353782Z,price_change,0.42000000000000004,SELL,-4,0.41,0.42
2026-01-04T16:09:56.063535Z,price_change,0.43000000000000005,SELL,50,0.41,0.42
2026-01-04T16:10:22.000847Z,price_change,0.38,BUY,-500,0.41,0.42
2026-01-04T16:10:48.463852Z,price_change,0.42000000000000004,SELL,-417,0.41,0.42
2026-01-04T16:10:48.794331Z,price_change,0.38,BUY,500,0.41,0.42
2026-01-04T16:10:51.194124Z,price_change,0.42000000000000004,SELL,-4,0.41,0.42
2026-01-04T16:10:53.000472Z,price_change,0.38,BUY,-500,0.41,0.42
2026-01-04T16:11:01.278406Z,price_change,0.42000000000000004,SELL,-35,0.41,0.42
2026-01-04T16:11:05.050195Z,price_change,0.43000000000000005,SELL,-50,0.41,0.42
2026-01-04T16:11:13.429814Z,price_change,0.42000000000000004,SELL,-15,0.41,0.42
2026-01-04T16:11:22.579028Z,price_change,0.43000000000000005,SELL,50,0.41,0.42
2026-01-04T16:11:45.261218Z,price_change,0.42000000000000004,SELL,-300,0.41,0.42
2026-01-04T16:11:49.378014Z,price_change,0.42000000000000004,SELL,-2,0.41,0.42
2026-01-04T16:11:50.56662Z,price_change,0.37,BUY,-5550,0.41,0.42
2026-01-04T16:11:50.71416Z,price_change,0.38,BUY,8000,0.41,0.42
2026-01-04T16:11:55.857016Z,price_change,0.38,BUY,500,0.41,0.42
2026-01-04T16:12:00.2345Z,price_change,0.42000000000000004,SELL,-68,0.41,0.42
2026-01-04T16:12:01.085368Z,price_change,0.43000000000000005,SELL,-50,0.41,0.42
2026-01-04T16:12:13.259559Z,price_change,0.42000000000000004,SELL,-1977,0.41,0.42
2026-01-04T16:12:21.365114Z,price_change,0.42000000000000004,SELL,-227,0.41,0.42
2026-01-04T16:12:50.235478Z,price_change,0.42000000000000004,SELL,-205,0.41,0.42
2026-01-04T16:13:10.532788Z,price_change,0.43000000000000005,SELL,50,0.41,0.42
2026-01-04T16:13:47.851979Z,price_change,0.42000000000000004,SELL,-113,0.41,0.42
2026-01-04T16:14:02.150397Z,price_change,0.43000000000000005,SELL,-50,0.41,0.42
2026-01-04T16:14:26.182737Z,price_change,0.36,BUY,25,0.41,0.42
2026-01-04T16:14:34.922649Z,price_change,0.6,SELL,5,0.41,0.42
2026-01-04T16:14:36.870623Z,price_change,0.43000000000000005,SELL,50,0.41,0.42
2026-01-04T16:14:36.92834Z,price_change,0.42000000000000004,SELL,-1000,0.41,0.42
2026-01-04T16:14:45.602615Z,price_change,0.43000000000000005,SELL,-50,0.41,0.42
2026-01-04T16:14:54.09537Z,price_change,0.4,BUY,50,0.41,0.42
2026-01-04T16:14:55.000141Z,price_change,0.38,BUY,-500,0.41,0.42
2026-01-04T16:15:07.167526Z,price_change,0.4,BUY,-50,0.41,0.42
2026-01-04T16:15:20.915461Z,price_change,0.4,BUY,-66,0.41,0.42
2026-01-04T16:15:20.916273Z,price_change,0.44999999999999996,SELL,-66,0.41,0.42
2026-01-04T16:15:21.283651Z,price_change,0.42000000000000004,SELL,-2,0.41,0.42
2026-01-04T16:15:45.446592Z,price_change,0.42000000000000004,SELL,-45,0.41,0.42
2026-01-04T16:15:54.312727Z,price_change,0.43000000000000005,SELL,50,0.41,0.42
2026-01-04T16:16:02.114235Z,price_change,0.38,BUY,500,0.41,0.42
2026-01-04T16:16:19.426281Z,price_change,0.42000000000000004,SELL,-29,0.41,0.42
2026-01-04T16:16:22.767277Z,price_change,0.4,BUY,-583,0.41,0.42
2026-01-04T16:16:22.770258Z,price_change,0.42000000000000004,SELL,804,0.41,0.42
2026-01-04T16:16:22.809144Z,price_change,0.43999999999999995,SELL,220,0.41,0.42
2026-01-04T16:16:22.818968Z,price_change,0.4,BUY,66,0.41,0.42
2026-01-04T16:16:25.309467Z,price_change,0.43000000000000005,SELL,-50,0.41,0.42
2026-01-04T16:16:28.097675Z,price_change,0.44999999999999996,SELL,66,0.41,0.42
2026-01-04T16:16:34.706914Z,price_change,0.43000000000000005,SELL,50,0.41,0.42
2026-01-04T16:17:21.594337Z,price_change,0.43000000000000005,SELL,-50,0.41,0.42
2026-01-04T16:17:29.800766Z,price_change,0.42000000000000004,SELL,-114,0.41,0.42
2026-01-04T16:17:45.078816Z,price_change,0.39,BUY,67,0.41,0.42
2026-01-04T16:17:45.080376Z,price_change,0.43999999999999995,SELL,67,0.41,0.42
2026-01-04T16:17:45.086066Z,price_change,0.4,BUY,-66,0.41,0.42
2026-01-04T16:17:45.185564Z,price_change,0.44999999999999996,SELL,-579,0.41,0.42
2026-01-04T16:17:45.406044Z,price_change,0.44999999999999996,SELL,-66,0.41,0.42
2026-01-04T16:17:45.524639Z,price_change,0.4,BUY,-105,0.41,0.42
2026-01-04T16:17:45.559645Z,price_change,0.43999999999999995,SELL,108,0.41,0.42
2026-01-04T16:17:45.612085Z,price_change,0.43000000000000005,SELL,874,0.41,0.42
2026-01-04T16:17:45.669017Z,price_change,0.37,BUY,883,0.41,0.42
2026-01-04T16:17:46.856174Z,price_change,0.4,BUY,-2000,0.41,0.42
2026-01-04T16:17:46.856174Z,price_change,0.38,BUY,2000,0.41,0.42
2026-01-04T16:17:46.933718Z,price_change,0.44999999999999996,SELL,-2000,0.41,0.42
2026-01-04T16:17:46.933718Z,price_change,0.43000000000000005,SELL,2000,0.41,0.42
2026-01-04T16:17:47.046818Z,price_change,0.39,BUY,-571,0.41,0.42
2026-01-04T16:17:47.210194Z,price_change,0.42000000000000004,SELL,150,0.41,0.42
2026-01-04T16:17:47.530012Z,price_change,0.43000000000000005,SELL,169,0.41,0.42
2026-01-04T16:17:47.611541Z,price_change,0.37,BUY,186,0.41,0.42
2026-01-04T16:17:48.904191Z,price_change,0.39,BUY,-67,0.41,0.42
2026-01-04T16:17:50.897526Z,price_change,0.42000000000000004,SELL,-22,0.41,0.42
2026-01-04T16:17:52.978566Z,price_change,0.4,BUY,-500,0.41,0.42
2026-01-04T16:17:53.091012Z,price_change,0.43999999999999995,SELL,-500,0.41,0.42
2026-01-04T16:17:53.111143Z,price_change,0.38,BUY,66,0.41,0.42
2026-01-04T16:17:53.200052Z,price_change,0.39,BUY,500,0.41,0.42
2026-01-04T16:17:53.310536Z,price_change,0.44999999999999996,SELL,500,0.41,0.42
2026-01-04T16:17:58.630554Z,price_change,0.41,BUY,-5819,0.41,0.42
2026-01-04T16:17:58.639905Z,price_change,0.39,BUY,8013,0.41,0.42
2026-01-04T16:17:58.647935Z,price_change,0.19,BUY,-349,0.41,0.42
2026-01-04T16:17:58.650593Z,price_change,0.18,BUY,-596,0.41,0.42
2026-01-04T16:17:58.6518Z,price_change,0.39,BUY,660,0.41,0.42
2026-01-04T16:17:58.830158Z,price_change,0.44999999999999996,SELL,-5682,0.41,0.42
2026-01-04T16:17:58.846222Z,price_change,0.43999999999999995,SELL,5580,0.41,0.42
2026-01-04T16:17:59.566959Z,price_change,0.38,BUY,-66,0.41,0.42
2026-01-04T16:17:59.568389Z,price_change,0.43999999999999995,SELL,-67,0.41,0.42
2026-01-04T16:18:00.725699Z,price_change,0.38,BUY,-125,0.41,0.42
2026-01-04T16:18:00.809918Z,price_change,0.43999999999999995,SELL,-108,0.41,0.42
2026-01-04T16:18:02.270741Z,price_change,0.37,BUY,125,0.41,0.42
2026-01-04T16:18:22.42494Z,price_change,0.43000000000000005,SELL,50,0.41,0.42
2026-01-04T16:18:30.716174Z,price_change,0.42000000000000004,SELL,-113,0.41,0.42
2026-01-04T16:18:40.810386Z,price_change,0.43999999999999995,SELL,108,0.41,0.42
2026-01-04T16:18:49.789104Z,price_change,0.42000000000000004,SELL,-15,0.41,0.42
2026-01-04T16:19:01.00194Z,price_change,0.38,BUY,-500,0.41,0.42
2026-01-04T16:19:06.089094Z,price_change,0.42000000000000004,SELL,-19224,0.41,0.42
2026-01-04T16:19:06.9203Z,price_change,0.43999999999999995,SELL,-108,0.41,0.42
2026-01-04T16:19:37.520338Z,price_change,0.43999999999999995,SELL,108,0.41,0.42
2026-01-04T16:19:46.414711Z,price_change,0.38,BUY,66,0.41,0.42
2026-01-04T16:19:49.553059Z,price_change,0.42000000000000004,SELL,-50,0.41,0.42
2026-01-04T16:19:49.639799Z,price_change,0.42000000000000004,SELL,-22,0.41,0.42
2026-01-04T16:19:52.752911Z,price_change,0.43000000000000005,SELL,-50,0.41,0.42
2026-01-04T16:19:59.562426Z,price_change,0.42000000000000004,SELL,72,0.41,0.42
2026-01-04T16:20:01.05475Z,price_change,0.38,BUY,500,0.41,0.42
2026-01-04T16:20:06.089743Z,price_change,0.39,BUY,-660,0.41,0.42
2026-01-04T16:20:09.614291Z,price_change,0.42000000000000004,SELL,72,0.41,0.42
2026-01-04T16:20:09.655888Z,price_change,0.42000000000000004,SELL,-72,0.41,0.42
2026-01-04T16:20:17.009405Z,price_change,0.43999999999999995,SELL,66,0.41,0.42
2026-01-04T16:20:19.579773Z,price_change,0.42000000000000004,SELL,72,0.41,0.42
2026-01-04T16:20:19.612726Z,price_change,0.42000000000000004,SELL,-72,0.41,0.42
2026-01-04T16:20:23.685384Z,price_change,0.42000000000000004,SELL,-28,0.41,0.42
2026-01-04T16:20:23.685384Z,price_change,0.42000000000000004,SELL,-54,0.41,0.42
2026-01-04T16:20:29.384646Z,price_change,0.42000000000000004,SELL,28,0.41,0.42
2026-01-04T16:20:39.395602Z,price_change,0.42000000000000004,SELL,28,0.41,0.42
2026-01-04T16:20:39.419833Z,price_change,0.42000000000000004,SELL,-28,0.41,0.42
2026-01-04T16:20:44.540058Z,price_change,0.43000000000000005,SELL,50,0.41,0.42
2026-01-04T16:20:44.720305Z,price_change,0.43000000000000005,SELL,50,0.41,0.42
2026-01-04T16:20:48.000279Z,price_change,0.38,BUY,-500,0.41,0.42
2026-01-04T16:20:49.375597Z,price_change,0.42000000000000004,SELL,28,0.41,0.42
2026-01-04T16:20:49.387071Z,price_change,0.42000000000000004,SELL,-28,0.41,0.42
2026-01-04T16:20:51.174566Z,price_change,0.38,BUY,-66,0.41,0.42
2026-01-04T16:20:59.774392Z,price_change,0.42000000000000004,SELL,28,0.41,0.42
2026-01-04T16:20:59.803973Z,price_change,0.42000000000000004,SELL,-28,0.41,0.42
2026-01-04T16:21:02.590655Z,price_change,0.43000000000000005,SELL,-25000,0.41,0.42
2026-01-04T16:21:02.590655Z,price_change,0.42000000000000004,SELL,25000,0.41,0.42
2026-01-04T16:21:06.317211Z,price_change,0.37,BUY,3,0.41,0.42
2026-01-04T16:21:06.735483Z,price_change,0.43000000000000005,SELL,-50,0.41,0.42
2026-01-04T16:21:10.045997Z,price_change,0.42000000000000004,SELL,28,0.41,0.42
2026-01-04T16:21:10.092688Z,price_change,0.42000000000000004,SELL,-28,0.41,0.42
2026-01-04T16:21:14.283636Z,price_change,0.38,BUY,500,0.41,0.42
2026-01-04T16:21:14.914567Z,price_change,0.43000000000000005,SELL,-50,0.41,0.42
2026-01-04T16:21:15.652495Z,price_change,0.38,BUY,66,0.41,0.42
2026-01-04T16:21:19.862203Z,price_change,0.42000000000000004,SELL,28,0.41,0.42
2026-01-04T16:21:19.897052Z,price_change,0.42000000000000004,SELL,-28,0.41,0.42
2026-01-04T16:21:24.966281Z,price_change,0.42000000000000004,SELL,10000,0.41,0.42
2026-01-04T16:21:27.353084Z,price_change,0.39,BUY,-120,0.41,0.42
2026-01-04T16:21:29.622017Z,price_change,0.42000000000000004,SELL,28,0.41,0.42
2026-01-04T16:21:29.657355Z,price_change,0.42000000000000004,SELL,-28,0.41,0.42
2026-01-04T16:21:29.673598Z,price_change,0.44999999999999996,SELL,-500,0.41,0.42
2026-01-04T16:21:29.762299Z,price_change,0.39,BUY,-500,0.41,0.42
2026-01-04T16:21:29.875314Z,price_change,0.38,BUY,500,0.41,0.42
2026-01-04T16:21:29.987287Z,price_change,0.43999999999999995,SELL,500,0.41,0.42
2026-01-04T16:21:30.078884Z,price_change,0.36,BUY,834,0.41,0.42
2026-01-04T16:21:30.128286Z,price_change,0.42000000000000004,SELL,877,0.41,0.42
2026-01-04T16:21:30.171772Z,price_change,0.43999999999999995,SELL,-1128,0.41,0.42
2026-01-04T16:21:30.17313Z,price_change,0.43999999999999995,SELL,-220,0.41,0.42
2026-01-04T16:21:30.174416Z,price_change,0.43999999999999995,SELL,-108,0.41,0.42
2026-01-04T16:21:30.576423Z,price_change,0.43000000000000005,SELL,66,0.41,0.42
2026-01-04T16:21:31.141681Z,price_change,0.43999999999999995,SELL,-66,0.41,0.42
2026-01-04T16:21:32.768229Z,price_change,0.43000000000000005,SELL,50,0.41,0.42
2026-01-04T16:21:34.771742Z,price_change,0.44999999999999996,SELL,-118,0.41,0.42
2026-01-04T16:21:34.922756Z,price_change,0.38,BUY,-581,0.41,0.42
2026-01-04T16:21:36.36449Z,price_change,0.37,BUY,67,0.41,0.42
2026-01-04T16:21:36.371223Z,price_change,0.38,BUY,-66,0.41,0.42
2026-01-04T16:21:36.499026Z,price_change,0.42000000000000004,SELL,-877,0.41,0.42
2026-01-04T16:21:36.509037Z,price_change,0.35,BUY,821,0.41,0.42
2026-01-04T16:21:36.524919Z,price_change,0.38,BUY,-116,0.41,0.42
2026-01-04T16:21:36.590159Z,price_change,0.43999999999999995,SELL,3416,0.41,0.42
2026-01-04T16:21:36.591702Z,price_change,0.43000000000000005,SELL,113,0.41,0.42
2026-01-04T16:21:36.595743Z,price_change,0.42000000000000004,SELL,179,0.41,0.42
2026-01-04T16:21:36.680229Z,price_change,0.36,BUY,186,0.41,0.42
2026-01-04T16:21:36.819966Z,price_change,0.38,BUY,-2000,0.41,0.42
2026-01-04T16:21:36.819966Z,price_change,0.36,BUY,2000,0.41,0.42
2026-01-04T16:21:36.937347Z,price_change,0.41,BUY,-20,0.41,0.42
2026-01-04T16:21:36.937347Z,price_change,0.41,BUY,-105,0.41,0.42
2026-01-04T16:21:36.937347Z,price_change,0.41,BUY,-13,0.4,0.42
2026-01-04T16:21:36.937347Z,price_change,0.43000000000000005,SELL,-2000,0.4,0.42
2026-01-04T16:21:36.937347Z,price_change,0.41000000000000003,SELL,1862,0.4,0.41000000000000003
2026-01-04T16:21:36.99072Z,price_change,0.43000000000000005,SELL,-50,0.4,0.41000000000000003
2026-01-04T16:21:37.020834Z,price_change,0.41000000000000003,SELL,138,0.4,0.41000000000000003
2026-01-04T16:21:37.037998Z,price_change,0.43999999999999995,SELL,-3416,0.4,0.41000000000000003
2026-01-04T16:21:37.510716Z,price_change,0.43999999999999995,SELL,-574,0.4,0.41000000000000003
2026-01-04T16:21:37.517815Z,price_change,0.41000000000000003,SELL,178,0.4,0.41000000000000003
2026-01-04T16:21:37.595967Z,price_change,0.37,BUY,-883,0.4,0.41000000000000003
2026-01-04T16:21:37.599935Z,price_change,0.41000000000000003,SELL,891,0.4,0.41000000000000003
2026-01-04T16:21:37.611839Z,price_change,0.43999999999999995,SELL,-109,0.4,0.41000000000000003
2026-01-04T16:21:37.717449Z,price_change,0.42000000000000004,SELL,907,0.4,0.41000000000000003
2026-01-04T16:21:37.718737Z,price_change,0.41000000000000003,SELL,126,0.4,0.41000000000000003
2026-01-04T16:21:37.775451Z,price_change,0.43000000000000005,SELL,-27,0.4,0.41000000000000003
2026-01-04T16:21:37.777025Z,price_change,0.43000000000000005,SELL,-580,0.4,0.41000000000000003
2026-01-04T16:21:37.778424Z,price_change,0.43000000000000005,SELL,-874,0.4,0.41000000000000003
2026-01-04T16:21:37.779714Z,price_change,0.43000000000000005,SELL,-169,0.4,0.41000000000000003
2026-01-04T16:21:37.781079Z,price_change,0.43000000000000005,SELL,-113,0.4,0.41000000000000003
2026-01-04T16:21:39.622708Z,price_change,0.42000000000000004,SELL,28,0.4,0.41000000000000003
2026-01-04T16:21:39.655824Z,price_change,0.42000000000000004,SELL,-28,0.4,0.41000000000000003
2026-01-04T16:21:39.776277Z,price_change,0.42000000000000004,SELL,67,0.4,0.41000000000000003
2026-01-04T16:21:40.537786Z,price_change,0.43000000000000005,SELL,-66,0.4,0.41000000000000003
2026-01-04T16:21:41.299356Z,price_change,0.37,BUY,8000,0.4,0.41000000000000003
2026-01-04T16:21:41.300111Z,price_change,0.42000000000000004,SELL,8000,0.4,0.41000000000000003
2026-01-04T16:21:41.301127Z,price_change,0.38,BUY,-8000,0.4,0.41000000000000003
2026-01-04T16:21:41.303229Z,price_change,0.43000000000000005,SELL,-5550,0.4,0.41000000000000003
2026-01-04T16:21:43.416244Z,price_change,0.37,BUY,8446,0.4,0.41000000000000003
2026-01-04T16:21:43.420744Z,price_change,0.39,BUY,-8013,0.4,0.41000000000000003
2026-01-04T16:21:43.618849Z,price_change,0.43999999999999995,SELL,-5580,0.4,0.41000000000000003
2026-01-04T16:21:43.627455Z,price_change,0.42000000000000004,SELL,5388,0.4,0.41000000000000003
2026-01-04T16:21:43.962244Z,price_change,0.43000000000000005,SELL,-100,0.4,0.41000000000000003
2026-01-04T16:21:43.963913Z,price_change,0.42000000000000004,SELL,100,0.4,0.41000000000000003
2026-01-04T16:21:44.759229Z,price_change,0.37,BUY,3,0.4,0.41000000000000003
2026-01-04T16:21:49.144409Z,price_change,0.38,BUY,586,0.4,0.41000000000000003
2026-01-04T16:21:49.624608Z,price_change,0.42000000000000004,SELL,28,0.4,0.41000000000000003
2026-01-04T16:21:49.655865Z,price_change,0.42000000000000004,SELL,-28,0.4,0.41000000000000003
2026-01-04T16:21:52.574348Z,price_change,0.43999999999999995,SELL,-500,0.4,0.41000000000000003
2026-01-04T16:21:52.663851Z,price_change,0.38,BUY,-500,0.4,0.41000000000000003
2026-01-04T16:21:52.775988Z,price_change,0.37,BUY,500,0.4,0.41000000000000003
2026-01-04T16:21:52.884881Z,price_change,0.43000000000000005,SELL,500,0.4,0.41000000000000003
2026-01-04T16:21:58.356166Z,price_change,0.41000000000000003,SELL,599,0.4,0.41000000000000003
2026-01-04T16:21:58.477519Z,price_change,0.37,BUY,-125,0.4,0.41000000000000003
2026-01-04T16:21:58.963461Z,price_change,0.42000000000000004,SELL,-40,0.4,0.41000000000000003
2026-01-04T16:21:58.964525Z,price_change,0.42000000000000004,SELL,-39,0.4,0.41000000000000003
2026-01-04T16:21:58.987865Z,price_change,0.41000000000000003,SELL,79,0.4,0.41000000000000003
2026-01-04T16:21:59.62362Z,price_change,0.42000000000000004,SELL,28,0.4,0.41000000000000003
2026-01-04T16:21:59.657209Z,price_change,0.42000000000000004,SELL,-28,0.4,0.41000000000000003
2026-01-04T16:21:59.81283Z,price_change,0.35,BUY,125,0.4,0.41000000000000003
2026-01-04T16:22:00.917583Z,price_change,0.37,BUY,-3,0.4,0.41000000000000003
2026-01-04T16:22:07.090531Z,price_change,0.42000000000000004,SELL,-25000,0.4,0.41000000000000003
2026-01-04T16:22:07.090531Z,price_change,0.41000000000000003,SELL,25000,0.4,0.41000000000000003
2026-01-04T16:22:09.18172Z,price_change,0.45999999999999996,SELL,13,0.4,0.41000000000000003
2026-01-04T16:22:09.897009Z,price_change,0.42000000000000004,SELL,28,0.4,0.41000000000000003
2026-01-04T16:22:10.006001Z,price_change,0.42000000000000004,SELL,-28,0.4,0.41000000000000003
2026-01-04T16:22:10.423547Z,price_change,0.38,BUY,-500,0.4,0.41000000000000003
2026-01-04T16:22:12.325382Z,price_change,0.38,BUY,-500,0.4,0.41000000000000003
2026-01-04T16:22:13.149632Z,price_change,0.35,BUY,172,0.4,0.41000000000000003
2026-01-04T16:22:19.828416Z,price_change,0.42000000000000004,SELL,28,0.4,0.41000000000000003
2026-01-04T16:22:19.862602Z,price_change,0.42000000000000004,SELL,-28,0.4,0.41000000000000003
2026-01-04T16:22:22.604188Z,price_change,0.37,BUY,-8000,0.4,0.41000000000000003
2026-01-04T16:22:22.766987Z,price_change,0.36,BUY,8000,0.4,0.41000000000000003
2026-01-04T16:22:30.277376Z,price_change,0.42000000000000004,SELL,28,0.4,0.41000000000000003
2026-01-04T16:22:30.315672Z,price_change,0.42000000000000004,SELL,-28,0.4,0.41000000000000003
2026-01-04T16:22:37.61114Z,price_change,0.42000000000000004,SELL,1897,0.4,0.41000000000000003
2026-01-04T16:22:38.788696Z,price_change,0.37,BUY,3,0.4,0.41000000000000003
2026-01-04T16:22:40.109416Z,price_change,0.42000000000000004,SELL,28,0.4,0.41000000000000003
2026-01-04T16:22:40.14137Z,price_change,0.42000000000000004,SELL,-28,0.4,0.41000000000000003
2026-01-04T16:22:47.505525Z,price_change,0.41000000000000003,SELL,8000,0.4,0.41000000000000003
2026-01-04T16:22:47.51396Z,price_change,0.42000000000000004,SELL,-8000,0.4,0.41000000000000003
2026-01-04T16:22:50.255382Z,price_change,0.42000000000000004,SELL,28,0.4,0.41000000000000003
2026-01-04T16:22:50.290241Z,price_change,0.42000000000000004,SELL,-28,0.4,0.41000000000000003
2026-01-04T16:22:50.359646Z,price_change,0.42000000000000004,SELL,1650,0.4,0.41000000000000003
2026-01-04T16:22:55.257016Z,price_change,0.37,BUY,-3,0.4,0.41000000000000003
2026-01-04T16:22:59.174135Z,price_change,0.42000000000000004,SELL,50,0.4,0.41000000000000003
2026-01-04T16:22:59.809254Z,price_change,0.42000000000000004,SELL,28,0.4,0.41000000000000003
2026-01-04T16:22:59.840794Z,price_change,0.42000000000000004,SELL,-28,0.4,0.41000000000000003
2026-01-04T16:23:09.637087Z,price_change,0.42000000000000004,SELL,28,0.4,0.41000000000000003
2026-01-04T16:23:09.671084Z,price_change,0.42000000000000004,SELL,-28,0.4,0.41000000000000003
2026-01-04T16:23:19.672224Z,price_change,0.42000000000000004,SELL,28,0.4,0.41000000000000003
2026-01-04T16:23:19.705603Z,price_change,0.42000000000000004,SELL,-28,0.4,0.41000000000000003
2026-01-04T16:23:29.844012Z,price_change,0.42000000000000004,SELL,28,0.4,0.41000000000000003
2026-01-04T16:23:29.876084Z,price_change,0.42000000000000004,SELL,-28,0.4,0.41000000000000003
2026-01-04T16:23:30.067543Z,price_change,0.42000000000000004,SELL,-50,0.4,0.41000000000000003
2026-01-04T16:23:32.967167Z,price_change,0.36,BUY,3,0.4,0.41000000000000003
2026-01-04T16:23:37.248785Z,price_change,0.41000000000000003,SELL,1639,0.4,0.41000000000000003
2026-01-04T16:23:37.272251Z,price_change,0.35,BUY,-750,0.4,0.41000000000000003
2026-01-04T16:23:37.272251Z,price_change,0.34,BUY,750,0.4,0.41000000000000003
2026-01-04T16:23:38.593285Z,price_change,0.43000000000000005,SELL,-10000,0.4,0.41000000000000003
2026-01-04T16:23:38.593285Z,price_change,0.41000000000000003,SELL,10000,0.4,0.41000000000000003
2026-01-04T16:23:40.048603Z,price_change,0.42000000000000004,SELL,28,0.4,0.41000000000000003
2026-01-04T16:23:40.085269Z,price_change,0.42000000000000004,SELL,-28,0.4,0.41000000000000003
2026-01-04T16:23:44.221615Z,price_change,0.42000000000000004,SELL,-179,0.4,0.41000000000000003
2026-01-04T16:23:44.222357Z,price_change,0.42000000000000004,SELL,-907,0.4,0.41000000000000003
2026-01-04T16:23:44.223048Z,price_change,0.42000000000000004,SELL,-1897,0.4,0.41000000000000003
2026-01-04T16:23:44.223731Z,price_change,0.42000000000000004,SELL,-1650,0.4,0.41000000000000003
2026-01-04T16:23:44.268495Z,price_change,0.41000000000000003,SELL,185,0.4,0.41000000000000003
2026-01-04T16:23:44.410001Z,price_change,0.41000000000000003,SELL,-34,0.4,0.41000000000000003
2026-01-04T16:23:44.483305Z,price_change,0.41000000000000003,SELL,10,0.4,0.41000000000000003
2026-01-04T16:23:49.292389Z,price_change,0.37,BUY,-3,0.4,0.41000000000000003
2026-01-04T16:23:49.807419Z,price_change,0.42000000000000004,SELL,28,0.4,0.41000000000000003
2026-01-04T16:23:49.843447Z,price_change,0.42000000000000004,SELL,-28,0.4,0.41000000000000003
2026-01-04T16:23:59.981169Z,price_change,0.42000000000000004,SELL,28,0.4,0.41000000000000003
2026-01-04T16:24:00.018941Z,price_change,0.42000000000000004,SELL,-28,0.4,0.41000000000000003
2026-01-04T16:24:00.807109Z,price_change,0.42000000000000004,SELL,-72,0.4,0.41000000000000003
2026-01-04T16:24:00.807109Z,price_change,0.41000000000000003,SELL,100,0.4,0.41000000000000003
2026-01-04T16:24:00.844324Z,price_change,0.42000000000000004,SELL,-28,0.4,0.41000000000000003
2026-01-04T16:24:05.203778Z,price_change,0.41000000000000003,SELL,-10,0.4,0.41000000000000003
2026-01-04T16:24:05.302342Z,price_change,0.41000000000000003,SELL,10,0.4,0.41000000000000003
2026-01-04T16:24:05.369856Z,price_change,0.35,BUY,500,0.4,0.41000000000000003
2026-01-04T16:24:13.101707Z,price_change,0.41000000000000003,SELL,-10,0.4,0.41000000000000003
2026-01-04T16:24:13.204392Z,price_change,0.41000000000000003,SELL,10,0.4,0.41000000000000003
2026-01-04T16:24:18.147584Z,price_change,0.41000000000000003,SELL,-10,0.4,0.41000000000000003
2026-01-04T16:24:18.175611Z,price_change,0.34,BUY,-680,0.4,0.41000000000000003
2026-01-04T16:24:18.288159Z,price_change,0.41000000000000003,SELL,10,0.4,0.41000000000000003
2026-01-04T16:24:22.645168Z,price_change,0.41000000000000003,SELL,-10,0.4,0.41000000000000003
2026-01-04T16:24:22.673528Z,price_change,0.34,BUY,-70,0.4,0.41000000000000003
2026-01-04T16:24:22.673528Z,price_change,0.33,BUY,750,0.4,0.41000000000000003
2026-01-04T16:24:22.745879Z,price_change,0.41000000000000003,SELL,10,0.4,0.41000000000000003
2026-01-04T16:24:24.649386Z,price_change,0.41000000000000003,SELL,-10,0.4,0.41000000000000003
2026-01-04T16:24:24.948599Z,price_change,0.41000000000000003,SELL,-351,0.4,0.41000000000000003
2026-01-04T16:24:25.018951Z,price_change,0.41000000000000003,SELL,-249,0.4,0.41000000000000003
2026-01-04T16:24:26.816573Z,price_change,0.35,BUY,3,0.4,0.41000000000000003
2026-01-04T16:24:40.711399Z,price_change,0.41000000000000003,SELL,10,0.4,0.41000000000000003
2026-01-04T16:24:43.339663Z,price_change,0.36,BUY,-3,0.4,0.41000000000000003
2026-01-04T16:24:54.745555Z,price_change,0.41000000000000003,SELL,-23,0.4,0.41000000000000003
2026-01-04T16:24:54.810805Z,price_change,0.41000000000000003,SELL,23,0.4,0.41000000000000003
2026-01-04T16:24:55.745019Z,price_change,0.41000000000000003,SELL,-10,0.4,0.41000000000000003
2026-01-04T16:25:05.265869Z,price_change,0.41000000000000003,SELL,-178,0.4,0.41000000000000003
2026-01-04T16:25:05.265869Z,price_change,0.41000000000000003,SELL,-170,0.4,0.41000000000000003
2026-01-04T16:25:05.451634Z,price_change,0.41000000000000003,SELL,168,0.4,0.41000000000000003
2026-01-04T16:25:05.523116Z,price_change,0.41000000000000003,SELL,10,0.4,0.41000000000000003
2026-01-04T16:25:09.357478Z,price_change,0.42000000000000004,SELL,50,0.4,0.41000000000000003
2026-01-04T16:25:13.345514Z,price_change,0.41000000000000003,SELL,-10,0.4,0.41000000000000003
2026-01-04T16:25:13.44356Z,price_change,0.41000000000000003,SELL,10,0.4,0.41000000000000003
2026-01-04T16:25:17.841721Z,price_change,0.42000000000000004,SELL,-50,0.4,0.41000000000000003
2026-01-04T16:25:20.68452Z,price_change,0.35,BUY,3,0.4,0.41000000000000003
2026-01-04T16:25:22.070053Z,price_change,0.41000000000000003,SELL,21,0.4,0.41000000000000003
2026-01-04T16:25:23.146805Z,price_change,0.41000000000000003,SELL,-10,0.4,0.41000000000000003
2026-01-04T16:25:23.328463Z,price_change,0.41000000000000003,SELL,10,0.4,0.41000000000000003
2026-01-04T16:25:37.158714Z,price_change,0.35,BUY,-3,0.4,0.41000000000000003
2026-01-04T16:25:53.446481Z,price_change,0.41000000000000003,SELL,-10,0.4,0.41000000000000003
2026-01-04T16:25:53.675158Z,price_change,0.41000000000000003,SELL,10,0.4,0.41000000000000003
2026-01-04T16:25:58.149692Z,price_change,0.41000000000000003,SELL,845,0.4,0.41000000000000003
2026-01-04T16:26:01.951766Z,price_change,0.42000000000000004,SELL,50,0.4,0.41000000000000003
2026-01-04T16:26:14.208841Z,price_change,0.35,BUY,3,0.4,0.41000000000000003
2026-01-04T16:26:14.937579Z,price_change,0.4,BUY,-247,0.4,0.41000000000000003
2026-01-04T16:26:22.580735Z,price_change,0.41000000000000003,SELL,-18,0.4,0.41000000000000003
2026-01-04T16:26:23.845874Z,price_change,0.41000000000000003,SELL,-10,0.4,0.41000000000000003
2026-01-04T16:26:26.441371Z,price_change,0.41000000000000003,SELL,10,0.4,0.41000000000000003
2026-01-04T16:26:35.209576Z,price_change,0.42000000000000004,SELL,-50,0.4,0.41000000000000003
2026-01-04T16:26:37.602882Z,price_change,0.41000000000000003,SELL,-10,0.4,0.41000000000000003
2026-01-04T16:26:37.702656Z,price_change,0.41000000000000003,SELL,10,0.4,0.41000000000000003
2026-01-04T16:26:50.99938Z,price_change,0.4,BUY,15,0.4,0.41000000000000003
2026-01-04T16:26:51.915907Z,price_change,0.35,BUY,3,0.4,0.41000000000000003
2026-01-04T16:26:54.352572Z,price_change,0.37,BUY,926,0.4,0.41000000000000003
2026-01-04T16:27:05.000119Z,price_change,0.35,BUY,-500,0.4,0.41000000000000003
2026-01-04T16:27:07.849023Z,price_change,0.41000000000000003,SELL,-10,0.4,0.41000000000000003
2026-01-04T16:27:07.987864Z,price_change,0.41000000000000003,SELL,10,0.4,0.41000000000000003
2026-01-04T16:27:08.302587Z,price_change,0.35,BUY,-3,0.4,0.41000000000000003
2026-01-04T16:27:08.608725Z,price_change,0.41000000000000003,SELL,-42,0.4,0.41000000000000003
2026-01-04T16:27:10.162923Z,price_change,0.41000000000000003,SELL,-10,0.4,0.41000000000000003
2026-01-04T16:27:20.5503Z,price_change,0.42000000000000004,SELL,4742,0.4,0.41000000000000003
2026-01-04T16:27:20.596202Z,price_change,0.41000000000000003,SELL,-135,0.4,0.41000000000000003
2026-01-04T16:27:34.381681Z,price_change,0.41000000000000003,SELL,-661,0.4,0.41000000000000003
2026-01-04T16:27:34.381681Z,price_change,0.41000000000000003,SELL,-126,0.4,0.41000000000000003
2026-01-04T16:27:34.381681Z,price_change,0.41000000000000003,SELL,-599,0.4,0.41000000000000003
2026-01-04T16:27:34.381681Z,price_change,0.41000000000000003,SELL,-79,0.4,0.41000000000000003
2026-01-04T16:27:34.381681Z,price_change,0.41000000000000003,SELL,-132,0.4,0.41000000000000003
2026-01-04T16:27:34.42079Z,price_change,0.41000000000000003,SELL,79,0.4,0.41000000000000003
2026-01-04T16:27:34.477385Z,price_change,0.41000000000000003,SELL,126,0.4,0.41000000000000003
2026-01-04T16:27:34.559456Z,price_change,0.41000000000000003,SELL,905,0.4,0.41000000000000003
2026-01-04T16:27:34.611837Z,price_change,0.41000000000000003,SELL,476,0.4,0.41000000000000003
2026-01-04T16:27:34.6533Z,price_change,0.41000000000000003,SELL,-111,0.4,0.41000000000000003
2026-01-04T16:27:34.736984Z,price_change,0.38,BUY,902,0.4,0.41000000000000003
2026-01-04T16:27:34.824085Z,price_change,0.41000000000000003,SELL,-15,0.4,0.41000000000000003
2026-01-04T16:27:34.825637Z,price_change,0.41000000000000003,SELL,-476,0.4,0.41000000000000003
2026-01-04T16:27:34.891612Z,price_change,0.35,BUY,-821,0.4,0.41000000000000003
2026-01-04T16:27:35.8462Z,price_change,0.41000000000000003,SELL,127,0.4,0.41000000000000003
2026-01-04T16:27:36.219104Z,price_change,0.41000000000000003,SELL,-351,0.4,0.41000000000000003
2026-01-04T16:27:37.023022Z,price_change,0.42000000000000004,SELL,50,0.4,0.41000000000000003
2026-01-04T16:27:45.786933Z,price_change,0.35,BUY,3,0.4,0.41000000000000003
2026-01-04T16:27:48.29635Z,price_change,0.41000000000000003,SELL,-23,0.4,0.41000000000000003
2026-01-04T16:28:01.451377Z,price_change,0.35,BUY,500,0.4,0.41000000000000003
2026-01-04T16:28:01.822371Z,price_change,0.38,BUY,179,0.4,0.41000000000000003
2026-01-04T16:28:01.97311Z,price_change,0.35,BUY,-172,0.4,0.41000000000000003
2026-01-04T16:28:15.443737Z,price_change,0.42000000000000004,SELL,-50,0.4,0.41000000000000003
2026-01-04T16:28:15.483704Z,price_change,0.41000000000000003,SELL,200,0.4,0.41000000000000003
2026-01-04T16:28:16.420412Z,price_change,0.41000000000000003,SELL,-10,0.4,0.41000000000000003
2026-01-04T16:28:24.221355Z,price_change,0.35,BUY,3,0.4,0.41000000000000003
2026-01-04T16:28:25.584279Z,price_change,0.41000000000000003,SELL,-697,0.4,0.41000000000000003
2026-01-04T16:28:37.631464Z,price_change,0.39,BUY,50,0.4,0.41000000000000003
2026-01-04T16:28:40.851068Z,price_change,0.35,BUY,-3,0.4,0.41000000000000003
,book,0.4000,BUY,96,0.4000,0.41
,book,0.41,SELL,47177,0.4000,0.41
2026-01-04T16:29:07.095112Z,price_change,0.41000000000000003,SELL,-116,0.4,0.41
2026-01-04T16:29:10.171067Z,price_change,0.41000000000000003,SELL,-232,0.4,0.41
2026-01-04T16:29:18.165316Z,price_change,0.35,BUY,3,0.4,0.41
2026-01-04T16:29:34.445063Z,price_change,0.35,BUY,-3,0.4,0.41
2026-01-04T16:29:42.600394Z,price_change,0.42000000000000004,SELL,50,0.4,0.41
2026-01-04T16:29:51.854516Z,price_change,0.41000000000000003,SELL,-50,0.4,0.41
2026-01-04T16:29:55.827429Z,price_change,0.41000000000000003,SELL,-116,0.4,0.41
2026-01-04T16:29:55.916448Z,price_change,0.41000000000000003,SELL,-2,0.4,0.41
2026-01-04T16:30:10.87149Z,price_change,0.35,BUY,3,0.4,0.41
2026-01-04T16:30:22.297782Z,price_change,0.42000000000000004,SELL,-50,0.4,0.41
2026-01-04T16:30:42.964076Z,price_change,0.41000000000000003,SELL,-23,0.4,0.41
2026-01-04T16:30:46.90545Z,price_change,0.37,BUY,-500,0.4,0.41
2026-01-04T16:30:47.050904Z,price_change,0.43000000000000005,SELL,-500,0.4,0.41
2026-01-04T16:30:47.139563Z,price_change,0.36,BUY,500,0.4,0.41
2026-01-04T16:30:47.256958Z,price_change,0.41000000000000003,SELL,500,0.4,0.41
2026-01-04T16:30:48.235325Z,price_change,0.35,BUY,3,0.4,0.41
2026-01-04T16:31:01.000515Z,price_change,0.35,BUY,-500,0.4,0.41
2026-01-04T16:31:04.890032Z,price_change,0.35,BUY,-3,0.4,0.41
2026-01-04T16:31:18.199085Z,price_change,0.41000000000000003,SELL,-23,0.4,0.41
2026-01-04T16:31:18.662153Z,price_change,0.41000000000000003,SELL,-35,0.4,0.41
2026-01-04T16:31:32.355429Z,price_change,0.38,BUY,-902,0.4,0.41
2026-01-04T16:31:33.813045Z,price_change,0.41000000000000003,SELL,-465,0.4,0.41
2026-01-04T16:31:39.00239Z,price_change,0.35,BUY,500,0.4,0.41
2026-01-04T16:31:42.604806Z,price_change,0.35,BUY,3,0.4,0.41
2026-01-04T16:31:50.090223Z,price_change,0.42000000000000004,SELL,63,0.4,0.41
2026-01-04T16:31:52.658712Z,price_change,0.42000000000000004,SELL,50,0.4,0.41
2026-01-04T16:31:59.014199Z,price_change,0.35,BUY,-3,0.4,0.41
2026-01-04T16:32:05.332234Z,price_change,0.41000000000000003,SELL,-23,0.4,0.41
2026-01-04T16:32:05.663653Z,price_change,0.35,BUY,500,0.4,0.41
2026-01-04T16:32:06.292098Z,price_change,0.41000000000000003,SELL,-635,0.4,0.41
2026-01-04T16:32:06.336678Z,price_change,0.41000000000000003,SELL,-710,0.4,0.41
2026-01-04T16:32:06.337463Z,price_change,0.41000000000000003,SELL,-151,0.4,0.41
2026-01-04T16:32:06.338189Z,price_change,0.41000000000000003,SELL,-127,0.4,0.41
2026-01-04T16:32:06.338915Z,price_change,0.42000000000000004,SELL,-63,0.4,0.41
2026-01-04T16:32:06.397683Z,price_change,0.42000000000000004,SELL,-1833,0.4,0.41
2026-01-04T16:32:08.486718Z,price_change,0.41000000000000003,SELL,-22,0.4,0.41
2026-01-04T16:32:17.240596Z,price_change,0.41000000000000003,SELL,25000,0.4,0.41
2026-01-04T16:32:22.943606Z,price_change,0.41000000000000003,SELL,-3443,0.4,0.41
2026-01-04T16:32:36.015572Z,price_change,0.42000000000000004,SELL,-50,0.4,0.41
2026-01-04T16:32:36.015655Z,price_change,0.35,BUY,3,0.4,0.41
2026-01-04T16:32:40.334443Z,price_change,0.42000000000000004,SELL,50,0.4,0.41
2026-01-04T16:32:52.602659Z,price_change,0.41000000000000003,SELL,-7,0.4,0.41
2026-01-04T16:32:58.042632Z,price_change,0.41000000000000003,SELL,-68,0.4,0.41
2026-01-04T16:33:06.3297Z,price_change,0.42000000000000004,SELL,1995,0.4,0.41
2026-01-04T16:33:12.512287Z,price_change,0.4,BUY,-15,0.4,0.41
2026-01-04T16:33:13.882345Z,price_change,0.35,BUY,3,0.4,0.41
2026-01-04T16:33:14.641852Z,price_change,0.42000000000000004,SELL,-50,0.4,0.41
2026-01-04T16:33:18.747906Z,price_change,0.39,BUY,50,0.4,0.41
2026-01-04T16:33:30.06409Z,price_change,0.35,BUY,-3,0.4,0.41
2026-01-04T16:33:49.053825Z,price_change,0.39,BUY,-50,0.4,0.41
2026-01-04T16:33:49.05748Z,price_change,0.42000000000000004,SELL,50,0.4,0.41
2026-01-04T16:34:08.129366Z,price_change,0.35,BUY,3,0.4,0.41
2026-01-04T16:34:15.300808Z,price_change,0.41000000000000003,SELL,-42,0.4,0.41
2026-01-04T16:34:25.252927Z,price_change,0.35,BUY,-3,0.4,0.41
2026-01-04T16:34:37.605959Z,price_change,0.41000000000000003,SELL,-22,0.4,0.41
2026-01-04T16:34:42.030637Z,price_change,0.41000000000000003,SELL,-11,0.4,0.41
2026-01-04T16:34:42.29855Z,price_change,0.41000000000000003,SELL,-11,0.4,0.41
2026-01-04T16:34:53.454315Z,price_change,0.42000000000000004,SELL,-50,0.4,0.41
2026-01-04T16:35:02.603627Z,price_change,0.35,BUY,3,0.4,0.41
2026-01-04T16:35:05.001512Z,price_change,0.35,BUY,-500,0.4,0.41
2026-01-04T16:35:07.238881Z,price_change,0.42000000000000004,SELL,50,0.4,0.41
2026-01-04T16:35:07.316531Z,price_change,0.41000000000000003,SELL,-117,0.4,0.41
2026-01-04T16:35:19.208032Z,price_change,0.35,BUY,-3,0.4,0.41
2026-01-04T16:35:35.519621Z,price_change,0.41000000000000003,SELL,-348,0.4,0.41
2026-01-04T16:35:37.48649Z,price_change,0.41000000000000003,SELL,-2,0.4,0.41
2026-01-04T16:35:37.662525Z,price_change,0.42000000000000004,SELL,-50,0.4,0.41
2026-01-04T16:35:45.543209Z,price_change,0.41000000000000003,SELL,-25,0.4,0.41
2026-01-04T16:35:57.452426Z,price_change,0.35,BUY,3,0.4,0.41
2026-01-04T16:36:00.815926Z,price_change,0.41000000000000003,SELL,-11,0.4,0.41
2026-01-04T16:36:10.194891Z,price_change,0.35,BUY,500,0.4,0.41
2026-01-04T16:36:14.056175Z,price_change,0.35,BUY,-3,0.4,0.41
2026-01-04T16:36:20.747367Z,price_change,0.42000000000000004,SELL,50,0.4,0.41
2026-01-04T16:36:30.576425Z,price_change,0.41000000000000003,SELL,-34,0.4,0.41
2026-01-04T16:36:45.357961Z,price_change,0.38,BUY,-179,0.4,0.41
2026-01-04T16:36:51.542417Z,price_change,0.35,BUY,3,0.4,0.41
2026-01-04T16:36:59.904846Z,price_change,0.42000000000000004,SELL,-50,0.4,0.41
2026-01-04T16:37:00.072081Z,price_change,0.41000000000000003,SELL,-58,0.4,0.41
2026-01-04T16:37:02.649558Z,price_change,0.41000000000000003,SELL,-74,0.4,0.41
2026-01-04T16:37:21.943111Z,price_change,0.41000000000000003,SELL,-113,0.4,0.41
2026-01-04T16:37:28.830148Z,price_change,0.35,BUY,3,0.4,0.41
2026-01-04T16:37:45.555225Z,price_change,0.35,BUY,-3,0.4,0.41
2026-01-04T16:37:45.674593Z,price_change,0.41000000000000003,SELL,-2,0.4,0.41
2026-01-04T16:38:05.801776Z,price_change,0.42000000000000004,SELL,50,0.4,0.41
2026-01-04T16:38:08.955419Z,price_change,0.41000000000000003,SELL,-25,0.4,0.41
2026-01-04T16:38:22.315989Z,price_change,0.35,BUY,3,0.4,0.41
2026-01-04T16:38:22.384443Z,price_change,0.41000000000000003,SELL,400,0.4,0.41
2026-01-04T16:38:28.09048Z,price_change,0.41000000000000003,SELL,-29,0.4,0.41
2026-01-04T16:38:36.895284Z,price_change,0.41000000000000003,SELL,-23,0.4,0.41
2026-01-04T16:38:59.278335Z,price_change,0.35,BUY,3,0.4,0.41
2026-01-04T16:39:08.110303Z,price_change,0.41000000000000003,SELL,-100,0.4,0.41
2026-01-04T16:39:10.000065Z,price_change,0.35,BUY,-500,0.4,0.41
2026-01-04T16:39:15.5511Z,price_change,0.41000000000000003,SELL,-1004,0.4,0.41
2026-01-04T16:39:15.578434Z,price_change,0.35,BUY,-3,0.4,0.41
2026-01-04T16:39:15.620092Z,price_change,0.43000000000000005,SELL,7887,0.4,0.41
2026-01-04T16:39:15.652565Z,price_change,0.38,BUY,831,0.4,0.41
2026-01-04T16:39:15.669955Z,price_change,0.42000000000000004,SELL,-1541,0.4,0.41
2026-01-04T16:39:15.81906Z,price_change,0.42000000000000004,SELL,186,0.4,0.41
2026-01-04T16:39:15.823592Z,price_change,0.41000000000000003,SELL,5,0.4,0.41
2026-01-04T16:39:15.879154Z,price_change,0.43000000000000005,SELL,-7887,0.4,0.41
2026-01-04T16:39:23.51646Z,price_change,0.42000000000000004,SELL,-186,0.4,0.41
2026-01-04T16:39:27.147591Z,price_change,0.41000000000000003,SELL,-438,0.4,0.41
2026-01-04T16:40:00.826865Z,price_change,0.35,BUY,-500,0.4,0.41
2026-01-04T16:40:01.582727Z,price_change,0.41000000000000003,SELL,-2717,0.4,0.41
2026-01-04T16:40:15.609903Z,price_change,0.35,BUY,500,0.4,0.41
2026-01-04T16:40:17.45622Z,price_change,0.41000000000000003,SELL,-32,0.4,0.41
2026-01-04T16:40:22.716996Z,price_change,0.35,BUY,-3,0.4,0.41
2026-01-04T16:40:34.17834Z,price_change,0.35,BUY,-3,0.4,0.41
2026-01-04T16:40:56.618469Z,price_change,0.41000000000000003,SELL,-100,0.4,0.41
2026-01-04T16:41:29.882975Z,price_change,0.42000000000000004,SELL,-50,0.4,0.41
2026-01-04T16:41:43.296155Z,price_change,0.35,BUY,-3,0.4,0.41
2026-01-04T16:41:46.611192Z,price_change,0.42000000000000004,SELL,50,0.4,0.41
2026-01-04T16:41:54.640688Z,price_change,0.35,BUY,-3,0.4,0.41
2026-01-04T16:42:16.090043Z,price_change,0.41000000000000003,SELL,-5,0.4,0.41
2026-01-04T16:42:16.13203Z,price_change,0.43000000000000005,SELL,7887,0.4,0.41
2026-01-04T16:42:35.321181Z,price_change,0.35,BUY,-3,0.4,0.41
2026-01-04T16:42:45.679974Z,price_change,0.41000000000000003,SELL,-117,0.4,0.41
2026-01-04T16:42:46.660936Z,price_change,0.35,BUY,-3,0.4,0.41
2026-01-04T16:42:47.225532Z,price_change,0.42000000000000004,SELL,-50,0.4,0.41
2026-01-04T16:42:58.410465Z,price_change,0.41000000000000003,SELL,-11,0.4,0.41
2026-01-04T16:43:00.085722Z,price_change,0.42000000000000004,SELL,50,0.4,0.41
2026-01-04T16:43:15.002026Z,price_change,0.35,BUY,-500,0.4,0.41
2026-01-04T16:43:27.600121Z,price_change,0.35,BUY,-3,0.4,0.41
2026-01-04T16:44:12.950479Z,price_change,0.35,BUY,500,0.4,0.41
2026-01-04T16:44:13.366273Z,price_change,0.42000000000000004,SELL,-50,0.4,0.41
2026-01-04T16:44:22.780661Z,price_change,0.42000000000000004,SELL,50,0.4,0.41
2026-01-04T16:44:29.251526Z,price_change,0.41000000000000003,SELL,-35,0.4,0.41
2026-01-04T16:44:30.695673Z,price_change,0.41000000000000003,SELL,-465,0.4,0.41
2026-01-04T16:44:32.793463Z,price_change,0.41000000000000003,SELL,-905,0.4,0.41
2026-01-04T16:44:38.433245Z,price_change,0.41000000000000003,SELL,-9,0.4,0.41
2026-01-04T16:44:47.230509Z,price_change,0.41000000000000003,SELL,-3000,0.4,0.41
2026-01-04T16:44:52.063857Z,price_change,0.41000000000000003,SELL,-232,0.4,0.41
2026-01-04T16:44:54.553766Z,price_change,0.43000000000000005,SELL,-7887,0.4,0.41
2026-01-04T16:44:54.656587Z,price_change,0.41000000000000003,SELL,5,0.4,0.41
2026-01-04T16:45:13.931695Z,price_change,0.4,BUY,-1,0.4,0.41
2026-01-04T16:45:13.931695Z,price_change,0.4,BUY,-10,0.4,0.41
2026-01-04T16:45:13.931695Z,price_change,0.4,BUY,-70,0.38,0.41
2026-01-04T16:45:13.931695Z,price_change,0.4,SELL,7645,0.38,0.4
2026-01-04T16:45:13.962294Z,price_change,0.38,BUY,-586,0.38,0.4
2026-01-04T16:45:14.531801Z,price_change,0.42000000000000004,SELL,-50,0.38,0.4
2026-01-04T16:45:14.531801Z,price_change,0.41000000000000003,SELL,50,0.38,0.4
2026-01-04T16:45:15.581113Z,price_change,0.4,SELL,-47,0.38,0.4
2026-01-04T16:45:15.763212Z,price_change,0.41000000000000003,SELL,100,0.38,0.4
2026-01-04T16:45:15.766255Z,price_change,0.41000000000000003,SELL,-21,0.38,0.4
2026-01-04T16:45:15.767981Z,price_change,0.41000000000000003,SELL,-79,0.38,0.4
2026-01-04T16:45:15.76966Z,price_change,0.42000000000000004,SELL,-100,0.38,0.4
2026-01-04T16:45:15.788242Z,price_change,0.4,SELL,100,0.38,0.4
2026-01-04T16:45:18.92021Z,price_change,0.41000000000000003,SELL,-50,0.38,0.4
2026-01-04T16:45:32.545127Z,price_change,0.41000000000000003,SELL,50,0.38,0.4
2026-01-04T16:46:06.337078Z,price_change,0.4,SELL,-100,0.38,0.4
2026-01-04T16:46:15.029023Z,price_change,0.41000000000000003,SELL,-10849,0.38,0.4
2026-01-04T16:46:15.029023Z,price_change,0.4,SELL,10849,0.38,0.4
2026-01-04T16:46:15.132314Z,price_change,0.41000000000000003,SELL,-25000,0.38,0.4
2026-01-04T16:46:15.132314Z,price_change,0.4,SELL,25000,0.38,0.4
2026-01-04T16:46:25.917588Z,price_change,0.02,BUY,100,0.38,0.4
2026-01-04T16:46:27.802109Z,price_change,0.4,SELL,-100,0.38,0.4
2026-01-04T16:46:27.803059Z,price_change,0.41000000000000003,SELL,-100,0.38,0.4
2026-01-04T16:46:27.806Z,price_change,0.4,SELL,100,0.38,0.4
2026-01-04T16:46:27.826084Z,price_change,0.33,BUY,-247,0.38,0.4
2026-01-04T16:46:27.827375Z,price_change,0.39,SELL,100,0.38,0.39
2026-01-04T16:46:27.86244Z,price_change,0.41000000000000003,SELL,-50,0.38,0.39
2026-01-04T16:46:29.802025Z,price_change,0.4,SELL,-100,0.38,0.39
2026-01-04T16:46:29.803426Z,price_change,0.41000000000000003,SELL,100,0.38,0.39
2026-01-04T16:46:31.71031Z,price_change,0.39,SELL,-12,0.38,0.39
2026-01-04T16:46:31.735165Z,price_change,0.33,BUY,-22,0.38,0.39
2026-01-04T16:46:43.798565Z,price_change,0.39,SELL,-88,0.38,0.4
2026-01-04T16:46:45.816622Z,price_change,0.41000000000000003,SELL,-100,0.38,0.4
2026-01-04T16:46:45.81812Z,price_change,0.4,SELL,100,0.38,0.4
2026-01-04T16:46:58.871965Z,price_change,0.41000000000000003,SELL,50,0.38,0.4
2026-01-04T16:47:06.569774Z,price_change,0.4,SELL,-30,0.38,0.4
2026-01-04T16:47:06.598787Z,price_change,0.33,BUY,-7,0.38,0.4
2026-01-04T16:47:08.544032Z,price_change,0.4,SELL,-50,0.38,0.4
2026-01-04T16:47:08.568409Z,price_change,0.33,BUY,-1,0.38,0.4
2026-01-04T16:47:11.356502Z,price_change,0.38,BUY,-10,0.38,0.4
2026-01-04T16:47:12.00065Z,price_change,0.35,BUY,-500,0.38,0.4
2026-01-04T16:47:17.751407Z,price_change,0.4,SELL,-55,0.38,0.4
2026-01-04T16:47:17.781609Z,price_change,0.33,BUY,-67,0.38,0.4
2026-01-04T16:47:18.001294Z,price_change,0.4,SELL,-450,0.38,0.4
2026-01-04T16:47:22.454747Z,price_change,0.4,SELL,-50,0.38,0.4
2026-01-04T16:47:22.479775Z,price_change,0.33,BUY,-124,0.38,0.4
2026-01-04T16:47:30.722731Z,price_change,0.4,SELL,-46,0.38,0.4
2026-01-04T16:47:30.750313Z,price_change,0.33,BUY,-68,0.38,0.4
2026-01-04T16:47:36.597435Z,price_change,0.41000000000000003,SELL,910,0.38,0.4
2026-01-04T16:47:36.704162Z,price_change,0.15,BUY,66,0.38,0.4
2026-01-04T16:47:46.710458Z,price_change,0.42000000000000004,SELL,897,0.38,0.4
2026-01-04T16:47:54.044768Z,price_change,0.4,SELL,-35,0.38,0.4
2026-01-04T16:47:54.07104Z,price_change,0.33,BUY,-214,0.38,0.4
2026-01-04T16:47:54.07104Z,price_change,0.32,BUY,750,0.38,0.4
2026-01-04T16:47:54.089134Z,price_change,0.41000000000000003,SELL,-5,0.38,0.4
2026-01-04T16:47:54.130249Z,price_change,0.43000000000000005,SELL,7887,0.38,0.4
2026-01-04T16:47:55.298662Z,price_change,0.4,SELL,-119,0.38,0.4
2026-01-04T16:48:04.572087Z,price_change,0.36,BUY,67,0.38,0.4
2026-01-04T16:48:04.573026Z,price_change,0.41000000000000003,SELL,67,0.38,0.4
2026-01-04T16:48:04.579219Z,price_change,0.37,BUY,-67,0.38,0.4
2026-01-04T16:48:04.895384Z,price_change,0.42000000000000004,SELL,-67,0.38,0.4
2026-01-04T16:48:09.072555Z,price_change,0.4,SELL,-59,0.38,0.4
2026-01-04T16:48:11.50179Z,price_change,0.35,BUY,500,0.38,0.4
2026-01-04T16:48:18.194341Z,price_change,0.4,SELL,-59,0.38,0.4
2026-01-04T16:48:22.747961Z,price_change,0.4,SELL,-47,0.38,0.4
2026-01-04T16:48:24.861984Z,price_change,0.41000000000000003,SELL,100,0.38,0.4
2026-01-04T16:48:24.863046Z,price_change,0.4,SELL,-100,0.38,0.4
2026-01-04T16:48:25.344929Z,price_change,0.41000000000000003,SELL,-50,0.38,0.4
2026-01-04T16:48:26.275419Z,price_change,0.4,SELL,-2500,0.38,0.4
2026-01-04T16:48:30.898362Z,price_change,0.4,SELL,-62,0.38,0.4
2026-01-04T16:48:31.931268Z,price_change,0.38,BUY,-821,0.37,0.4
2026-01-04T16:48:32.183788Z,price_change,0.37,BUY,10,0.37,0.4
2026-01-04T16:48:33.348799Z,price_change,0.37,BUY,-10,0.37,0.4
2026-01-04T16:48:33.526357Z,price_change,0.36,BUY,50,0.37,0.4
2026-01-04T16:48:33.641735Z,price_change,0.36,BUY,50,0.37,0.4
2026-01-04T16:48:33.676346Z,price_change,0.41000000000000003,SELL,50,0.37,0.4
2026-01-04T16:48:33.988626Z,price_change,0.37,BUY,67,0.37,0.4
2026-01-04T16:48:33.990081Z,price_change,0.42000000000000004,SELL,67,0.37,0.4
2026-01-04T16:48:34.140975Z,price_change,0.37,BUY,10,0.37,0.4
2026-01-04T16:48:34.147735Z,price_change,0.41000000000000003,SELL,-67,0.37,0.4
2026-01-04T16:48:34.287674Z,price_change,0.36,BUY,-67,0.37,0.4
2026-01-04T16:48:38.005494Z,price_change,0.36,BUY,-50,0.37,0.4
2026-01-04T16:48:42.288064Z,price_change,0.4,SELL,-20,0.37,0.4
2026-01-04T16:48:51.344207Z,price_change,0.37,BUY,-10,0.37,0.4
2026-01-04T16:48:55.173692Z,price_change,0.36,BUY,50,0.37,0.4
2026-01-04T16:48:55.175595Z,price_change,0.41000000000000003,SELL,-50,0.37,0.4
2026-01-04T16:48:55.946715Z,price_change,0.39,BUY,11,0.39,0.4
2026-01-04T16:48:56.268057Z,price_change,0.36,BUY,-50,0.39,0.4
2026-01-04T16:49:01.172743Z,price_change,0.39,BUY,-11,0.37,0.4
2026-01-04T16:49:01.256864Z,price_change,0.4,SELL,-11,0.37,0.4
2026-01-04T16:49:01.675669Z,price_change,0.4,SELL,-1,0.37,0.4
2026-01-04T16:49:01.902439Z,price_change,0.42000000000000004,SELL,-10000,0.37,0.4
2026-01-04T16:49:02.437576Z,price_change,0.42000000000000004,SELL,-4946,0.37,0.4
2026-01-04T16:49:03.04011Z,price_change,0.41000000000000003,SELL,-10000,0.37,0.4
2026-01-04T16:49:03.466002Z,price_change,0.37,BUY,10,0.37,0.4
2026-01-04T16:49:03.75228Z,price_change,0.99,SELL,11,0.37,0.4
2026-01-04T16:49:04.185069Z,price_change,0.36,BUY,50,0.37,0.4
2026-01-04T16:49:09.211853Z,price_change,0.44999999999999996,SELL,55,0.37,0.4
2026-01-04T16:49:23.232575Z,price_change,0.4,SELL,-239,0.37,0.4
2026-01-04T16:49:25.830507Z,price_change,0.4,SELL,-35,0.37,0.4
2026-01-04T16:49:31.467166Z,price_change,0.37,BUY,22,0.37,0.4
2026-01-04T16:49:33.646731Z,price_change,0.37,BUY,-10,0.37,0.4
2026-01-04T16:49:34.318277Z,price_change,0.41000000000000003,SELL,50,0.37,0.4
2026-01-04T16:49:34.332435Z,price_change,0.36,BUY,-50,0.37,0.4
2026-01-04T16:49:34.370988Z,price_change,0.36,BUY,-50,0.37,0.4
2026-01-04T16:49:34.390304Z,price_change,0.41000000000000003,SELL,50,0.37,0.4
2026-01-04T16:49:34.725614Z,price_change,0.37,BUY,10,0.37,0.4
2026-01-04T16:49:41.546304Z,price_change,0.37,BUY,-10,0.37,0.4
2026-01-04T16:49:41.941705Z,price_change,0.37,BUY,10,0.37,0.4
2026-01-04T16:49:42.909668Z,price_change,0.4,SELL,-27,0.37,0.4
2026-01-04T16:49:48.799557Z,price_change,0.37,BUY,-10,0.37,0.4
2026-01-04T16:49:48.90196Z,price_change,0.37,BUY,10,0.37,0.4
2026-01-04T16:50:00.003502Z,price_change,0.1,BUY,-620,0.37,0.4
2026-01-04T16:50:00.003502Z,price_change,0.71,SELL,-620,0.37,0.4
2026-01-04T16:50:00.97705Z,price_change,0.35,BUY,-500,0.37,0.4
2026-01-04T16:50:02.453226Z,price_change,0.38,BUY,902,0.38,0.4
2026-01-04T16:50:02.554863Z,price_change,0.37,BUY,-10,0.38,0.4
2026-01-04T16:50:04.500455Z,price_change,0.41000000000000003,SELL,-50,0.38,0.4
2026-01-04T16:50:06.39075Z,price_change,0.41000000000000003,SELL,-100,0.38,0.4
2026-01-04T16:50:06.39075Z,price_change,0.4,SELL,100,0.38,0.4
2026-01-04T16:50:06.421462Z,price_change,0.32,BUY,-750,0.38,0.4
2026-01-04T16:50:06.421462Z,price_change,0.33,BUY,496,0.38,0.4
2026-01-04T16:50:17.96349Z,price_change,0.4,SELL,-59,0.38,0.4
2026-01-04T16:50:17.988004Z,price_change,0.33,BUY,-7,0.38,0.4
2026-01-04T16:50:18.156145Z,price_change,0.38,BUY,179,0.38,0.4
2026-01-04T16:50:18.182352Z,price_change,0.33,BUY,94,0.38,0.4
2026-01-04T16:50:18.259927Z,price_change,0.41000000000000003,SELL,-910,0.38,0.4
2026-01-04T16:50:18.372287Z,price_change,0.42000000000000004,SELL,-897,0.38,0.4
2026-01-04T16:51:01.729928Z,price_change,0.4,SELL,-239,0.38,0.4
2026-01-04T16:51:02.650864Z,price_change,0.4,SELL,-10,0.38,0.4
2026-01-04T16:51:03.568446Z,price_change,0.4,SELL,-82,0.38,0.4
2026-01-04T16:51:03.67043Z,price_change,0.38,BUY,10,0.38,0.4
2026-01-04T16:51:03.696862Z,price_change,0.33,BUY,124,0.38,0.4
2026-01-04T16:51:04.669621Z,price_change,0.41000000000000003,SELL,-168,0.38,0.4
2026-01-04T16:51:08.588406Z,price_change,0.42000000000000004,SELL,-64,0.38,0.4
2026-01-04T16:51:08.794931Z,price_change,0.43000000000000005,SELL,64,0.38,0.4
2026-01-04T16:51:09.947628Z,price_change,0.4,SELL,100,0.38,0.4
2026-01-04T16:51:09.948169Z,price_change,0.41000000000000003,SELL,-100,0.38,0.4
2026-01-04T16:51:09.975033Z,price_change,0.33,BUY,-76,0.38,0.4
2026-01-04T16:51:12.611923Z,price_change,0.42000000000000004,SELL,-103,0.38,0.4
2026-01-04T16:51:12.651932Z,price_change,0.43000000000000005,SELL,108,0.38,0.4
2026-01-04T16:51:13.203548Z,price_change,0.41000000000000003,SELL,-50,0.38,0.4
2026-01-04T16:51:13.22472Z,price_change,0.37,BUY,50,0.38,0.4
2026-01-04T16:51:29.029476Z,price_change,0.4,SELL,-319,0.38,0.4
2026-01-04T16:51:33.850468Z,price_change,0.38,BUY,-10,0.38,0.4
2026-01-04T16:51:33.960474Z,price_change,0.38,BUY,10,0.38,0.4
2026-01-04T16:51:42.444854Z,price_change,0.38,BUY,-10,0.38,0.4
2026-01-04T16:51:42.475963Z,price_change,0.33,BUY,-8,0.38,0.4
2026-01-04T16:51:43.738422Z,price_change,0.37,BUY,-50,0.38,0.4
2026-01-04T16:51:45.821194Z,price_change,0.4,SELL,-4,0.38,0.4
2026-01-04T16:51:55.817324Z,price_change,0.4,SELL,-1904,0.38,0.4
2026-01-04T16:51:55.844506Z,price_change,0.33,BUY,-11,0.38,0.4
2026-01-04T16:52:00.650091Z,price_change,0.41000000000000003,SELL,50,0.38,0.4
2026-01-04T16:52:05.918288Z,price_change,0.38,BUY,10,0.38,0.4
2026-01-04T16:52:05.94165Z,price_change,0.33,BUY,-63,0.38,0.4
2026-01-04T16:52:14.452517Z,price_change,0.38,BUY,-10,0.38,0.4
2026-01-04T16:52:14.477801Z,price_change,0.33,BUY,-6,0.38,0.4
2026-01-04T16:52:14.539523Z,price_change,0.4,SELL,-986,0.38,0.4
2026-01-04T16:52:14.539523Z,price_change,0.4,SELL,-2109,0.38,0.4
2026-01-04T16:52:16.588816Z,price_change,0.38,BUY,10,0.38,0.4
2026-01-04T16:52:16.615415Z,price_change,0.33,BUY,-82,0.38,0.4
2026-01-04T16:52:23.774584Z,price_change,0.39,SELL,4259,0.38,0.39
2026-01-04T16:52:26.09711Z,price_change,0.41000000000000003,SELL,-50,0.38,0.39
2026-01-04T16:52:32.766888Z,price_change,0.39,SELL,-119,0.38,0.39
2026-01-04T16:52:32.794781Z,price_change,0.33,BUY,-41,0.38,0.39
2026-01-04T16:52:33.186562Z,price_change,0.43000000000000005,SELL,98,0.38,0.39
2026-01-04T16:52:36.145537Z,price_change,0.38,BUY,-10,0.38,0.39
2026-01-04T16:52:36.172487Z,price_change,0.33,BUY,-140,0.38,0.39
2026-01-04T16:52:36.898397Z,price_change,0.38,BUY,10,0.38,0.39
2026-01-04T16:52:37.392827Z,price_change,0.39,SELL,-100,0.38,0.39
2026-01-04T16:52:44.451419Z,price_change,0.39,SELL,-2,0.38,0.39
2026-01-04T16:52:49.102317Z,price_change,0.38,BUY,-10,0.38,0.39
2026-01-04T16:52:49.131362Z,price_change,0.33,BUY,-25,0.38,0.39
2026-01-04T16:52:49.20304Z,price_change,0.38,BUY,10,0.38,0.39
2026-01-04T16:52:56.987531Z,price_change,0.39,SELL,-11,0.38,0.39
2026-01-04T16:53:04.397206Z,price_change,0.39,SELL,-732,0.38,0.39
2026-01-04T16:53:10.487136Z,price_change,0.41000000000000003,SELL,166,0.38,0.39
2026-01-04T16:53:19.259378Z,price_change,0.41000000000000003,SELL,1745,0.38,0.39
2026-01-04T16:53:19.304564Z,price_change,0.43000000000000005,SELL,-7887,0.38,0.39
2026-01-04T16:53:19.305898Z,price_change,0.43000000000000005,SELL,-64,0.38,0.39
2026-01-04T16:53:19.307168Z,price_change,0.43000000000000005,SELL,-108,0.38,0.39
2026-01-04T16:53:19.30855Z,price_change,0.43000000000000005,SELL,-98,0.38,0.39
2026-01-04T16:53:19.34779Z,price_change,0.38,BUY,-10,0.38,0.39
2026-01-04T16:53:19.375627Z,price_change,0.33,BUY,400,0.38,0.39
2026-01-04T16:53:19.449633Z,price_change,0.38,BUY,10,0.38,0.39
2026-01-04T16:53:19.454247Z,price_change,0.36,BUY,-8000,0.38,0.39
2026-01-04T16:53:19.458122Z,price_change,0.41000000000000003,SELL,-8000,0.38,0.39
2026-01-04T16:53:19.460564Z,price_change,0.35,BUY,8000,0.38,0.39
2026-01-04T16:53:19.462098Z,price_change,0.4,SELL,8000,0.38,0.39
2026-01-04T16:53:24.352464Z,price_change,0.39,SELL,-500,0.38,0.39
2026-01-04T16:53:24.533952Z,price_change,0.38,BUY,20,0.38,0.39
2026-01-04T16:53:31.838133Z,price_change,0.38,BUY,-10,0.38,0.39
2026-01-04T16:53:31.865698Z,price_change,0.33,BUY,-57,0.38,0.39
2026-01-04T16:53:38.652809Z,price_change,0.38,BUY,-179,0.38,0.39
2026-01-04T16:53:38.680045Z,price_change,0.33,BUY,152,0.38,0.39
2026-01-04T16:53:46.024991Z,price_change,0.39,SELL,-48,0.38,0.39
2026-01-04T16:54:02.986949Z,price_change,0.39,SELL,-29,0.38,0.39
2026-01-04T16:54:07.615666Z,price_change,0.03,BUY,300,0.38,0.39
2026-01-04T16:54:18.178253Z,price_change,0.41000000000000003,SELL,808,0.38,0.39
2026-01-04T16:54:18.189803Z,price_change,0.35,BUY,169,0.38,0.39
2026-01-04T16:54:18.1934Z,price_change,0.4,SELL,165,0.38,0.39
2026-01-04T16:54:20.684607Z,price_change,0.39,SELL,-60,0.38,0.39
2026-01-04T16:54:21.095146Z,price_change,0.39,SELL,-50,0.38,0.39
2026-01-04T16:54:27.719935Z,price_change,0.99,SELL,-11,0.38,0.39
2026-01-04T16:54:28.20767Z,price_change,0.39,SELL,-60,0.38,0.39
2026-01-04T16:54:30.1798Z,price_change,0.37,BUY,50,0.38,0.39
2026-01-04T16:54:38.67382Z,price_change,0.42000000000000004,SELL,167,0.38,0.39
2026-01-04T16:54:45.422797Z,price_change,0.39,SELL,-169,0.38,0.39
2026-01-04T16:54:50.682482Z,price_change,0.37,BUY,-50,0.38,0.39
2026-01-04T16:55:00.790346Z,price_change,0.36,BUY,125,0.38,0.39
2026-01-04T16:55:00.79581Z,price_change,0.41000000000000003,SELL,300,0.38,0.39
2026-01-04T16:55:04.009108Z,price_change,0.39,SELL,-24,0.38,0.39
2026-01-04T16:55:04.386013Z,price_change,0.39,SELL,-50,0.38,0.39
2026-01-04T16:55:15.044279Z,price_change,0.39,SELL,-244,0.38,0.39
2026-01-04T16:55:20.9394Z,price_change,0.36,BUY,-2000,0.38,0.39
2026-01-04T16:55:20.941655Z,price_change,0.41000000000000003,SELL,-2000,0.38,0.39
2026-01-04T16:55:21.164449Z,price_change,0.36,BUY,-125,0.38,0.39
2026-01-04T16:55:21.165317Z,price_change,0.41000000000000003,SELL,-300,0.38,0.39
2026-01-04T16:55:21.263912Z,price_change,0.41000000000000003,SELL,75,0.38,0.39
2026-01-04T16:55:21.265368Z,price_change,0.35,BUY,31,0.38,0.39
2026-01-04T16:55:23.769562Z,price_change,0.39,SELL,-1,0.38,0.39
2026-01-04T16:55:36.654594Z,price_change,0.39,SELL,-927,0.38,0.39
2026-01-04T16:55:37.084077Z,price_change,0.4,SELL,-100,0.38,0.39
2026-01-04T16:55:37.084389Z,price_change,0.41000000000000003,SELL,100,0.38,0.39
2026-01-04T16:55:37.483254Z,price_change,0.39,SELL,-1133,0.38,0.4
2026-01-04T16:55:37.483254Z,price_change,0.39,BUY,697,0.39,0.4
2026-01-04T16:55:45.477885Z,price_change,0.4,SELL,-47,0.39,0.4
2026-01-04T16:55:48.964631Z,price_change,0.4,SELL,-119,0.39,0.4
2026-01-04T16:55:54.732276Z,price_change,0.39,BUY,25,0.39,0.4
2026-01-04T16:55:59.50684Z,price_change,0.41000000000000003,SELL,50,0.39,0.4
2026-01-04T16:56:03.634873Z,price_change,0.02,BUY,-500,0.39,0.4
2026-01-04T16:56:04.510726Z,price_change,0.38,BUY,300,0.39,0.4
2026-01-04T16:56:04.542705Z,price_change,0.4,SELL,-3857,0.39,0.4
2026-01-04T16:56:04.88789Z,price_change,0.4,SELL,-588,0.39,0.4
2026-01-04T16:56:04.981565Z,price_change,0.4,SELL,-4129,0.39,0.4
2026-01-04T16:56:04.981565Z,price_change,0.4,SELL,-632,0.39,0.4
2026-01-04T16:56:10.59359Z,price_change,0.42000000000000004,SELL,866,0.39,0.4
2026-01-04T16:56:22.360949Z,price_change,0.39,BUY,-25,0.39,0.4
2026-01-04T16:56:25.601412Z,price_change,0.4,SELL,-4,0.39,0.4
2026-01-04T16:56:34.859712Z,price_change,0.4,SELL,-24,0.39,0.4
2026-01-04T16:56:38.58618Z,price_change,0.4,SELL,-587,0.39,0.4
2026-01-04T16:56:38.685757Z,price_change,0.4,SELL,-165,0.39,0.4
2026-01-04T16:56:43.312015Z,price_change,0.39,BUY,-697,0.38,0.4
2026-01-04T16:56:44.154877Z,price_change,0.4,SELL,-104,0.38,0.4
2026-01-04T16:56:47.583816Z,price_change,0.4,SELL,-2399,0.38,0.4
2026-01-04T16:56:47.606218Z,price_change,0.43999999999999995,SELL,750,0.38,0.4
2026-01-04T16:56:53.654583Z,price_change,0.38,BUY,19,0.38,0.4
2026-01-04T16:56:55.188234Z,price_change,0.4,SELL,-61,0.38,0.4
2026-01-04T16:57:06.97445Z,price_change,0.4,SELL,-1,0.38,0.4
2026-01-04T16:57:07.006761Z,price_change,0.43999999999999995,SELL,-695,0.38,0.4
2026-01-04T16:57:07.63953Z,price_change,0.4,SELL,-700,0.38,0.4
2026-01-04T16:57:08.711278Z,price_change,0.41000000000000003,SELL,-50,0.38,0.4
2026-01-04T16:57:09.01594Z,price_change,0.4,SELL,-61,0.38,0.4
2026-01-04T16:57:09.092005Z,price_change,0.4,SELL,-100,0.38,0.4
2026-01-04T16:57:21.337244Z,price_change,0.4,SELL,-232,0.38,0.4
2026-01-04T16:57:21.684155Z,price_change,0.41000000000000003,SELL,50,0.38,0.4
2026-01-04T16:57:25.528246Z,price_change,0.4,SELL,-4,0.38,0.4
2026-01-04T16:57:34.822037Z,price_change,0.39,BUY,7,0.39,0.4
2026-01-04T16:57:40.166771Z,price_change,0.37,BUY,7,0.39,0.4
2026-01-04T16:57:43.872249Z,price_change,0.35,BUY,9,0.39,0.4
2026-01-04T16:57:46.935057Z,price_change,0.41000000000000003,SELL,-50,0.39,0.4
2026-01-04T16:57:59.385175Z,price_change,0.23,BUY,50,0.39,0.4
2026-01-04T16:58:02.748128Z,price_change,0.4,SELL,-95,0.39,0.4
2026-01-04T16:58:07.428891Z,price_change,0.23,BUY,-50,0.39,0.4
2026-01-04T16:58:09.701579Z,price_change,0.36,BUY,-500,0.39,0.4
2026-01-04T16:58:10.44485Z,price_change,0.41000000000000003,SELL,-500,0.39,0.4
2026-01-04T16:58:13.858958Z,price_change,0.01,BUY,99,0.39,0.4
2026-01-04T16:58:13.906793Z,price_change,0.02,BUY,99,0.39,0.4
2026-01-04T16:58:13.948644Z,price_change,0.03,BUY,99,0.39,0.4
2026-01-04T16:58:13.992217Z,price_change,0.05,BUY,99,0.39,0.4
2026-01-04T16:58:18.03111Z,price_change,0.41000000000000003,SELL,50,0.39,0.4
2026-01-04T16:58:18.033421Z,price_change,0.4,SELL,-233,0.39,0.4
2026-01-04T16:58:20.713383Z,price_change,0.4,SELL,-476,0.39,0.4
2026-01-04T16:58:22.725289Z,price_change,0.4,SELL,-300,0.39,0.4
2026-01-04T16:58:26.011825Z,price_change,0.39,BUY,10,0.39,0.4
2026-01-04T16:58:30.069134Z,price_change,0.4,SELL,-5,0.39,0.4
2026-01-04T16:58:30.623878Z,price_change,0.4,SELL,-300,0.39,0.4
2026-01-04T16:58:40.285658Z,price_change,0.42000000000000004,SELL,-866,0.39,0.4
2026-01-04T16:58:48.271847Z,price_change,0.41000000000000003,SELL,-50,0.39,0.4
2026-01-04T16:58:50.166932Z,price_change,0.35,BUY,100,0.39,0.4
2026-01-04T16:58:50.42938Z,price_change,0.4,SELL,-7,0.39,0.4
2026-01-04T16:58:58.06255Z,price_change,0.4,SELL,-599,0.39,0.4
2026-01-04T16:59:08.995021Z,price_change,0.4,SELL,-100,0.39,0.4
2026-01-04T16:59:09.784556Z,price_change,0.42000000000000004,SELL,844,0.39,0.4
2026-01-04T16:59:09.831021Z,price_change,0.38,BUY,-902,0.39,0.4
2026-01-04T16:59:09.833709Z,price_change,0.35,BUY,818,0.39,0.4
2026-01-04T16:59:09.833974Z,price_change,0.4,SELL,770,0.39,0.4
2026-01-04T16:59:09.878231Z,price_change,0.41000000000000003,SELL,563,0.39,0.4
2026-01-04T16:59:15.392777Z,price_change,0.41000000000000003,SELL,113,0.39,0.4
2026-01-04T16:59:24.367495Z,price_change,0.4,SELL,-25,0.39,0.4
2026-01-04T16:59:26.836301Z,price_change,0.4,SELL,180,0.39,0.4
2026-01-04T16:59:26.863066Z,price_change,0.37,BUY,-926,0.39,0.4
2026-01-04T16:59:26.880823Z,price_change,0.42000000000000004,SELL,-2909,0.39,0.4
2026-01-04T16:59:26.881611Z,price_change,0.42000000000000004,SELL,-287,0.39,0.4
2026-01-04T16:59:26.882413Z,price_change,0.42000000000000004,SELL,-167,0.39,0.4
2026-01-04T16:59:26.88318Z,price_change,0.42000000000000004,SELL,-844,0.39,0.4
2026-01-04T16:59:28.286383Z,price_change,0.4,SELL,-130,0.39,0.4
2026-01-04T16:59:28.517701Z,price_change,0.4,SELL,-26,0.39,0.4
2026-01-04T16:59:30.002024Z,price_change,0.37,BUY,-22,0.39,0.4
2026-01-04T16:59:30.002024Z,price_change,0.38,BUY,-19,0.39,0.4
2026-01-04T16:59:32.326338Z,price_change,0.37,BUY,945,0.39,0.4
2026-01-04T16:59:32.344918Z,price_change,0.29,BUY,588,0.39,0.4
2026-01-04T16:59:32.730213Z,price_change,0.4,SELL,-89,0.39,0.4
2026-01-04T16:59:34.420119Z,price_change,0.4,SELL,-190,0.39,0.4
2026-01-04T16:59:38.854558Z,price_change,0.41000000000000003,SELL,50,0.39,0.4
2026-01-04T16:59:40.885419Z,price_change,0.4,SELL,-98,0.39,0.4
2026-01-04T16:59:40.972635Z,price_change,0.4,SELL,-82,0.39,0.4
2026-01-04T16:59:41.016913Z,price_change,0.42000000000000004,SELL,4207,0.39,0.4
2026-01-04T16:59:46.369723Z,price_change,0.4,SELL,-2,0.39,0.4
2026-01-04T16:59:52.982281Z,price_change,0.4,SELL,-60,0.39,0.4
2026-01-04T16:59:54.073791Z,price_change,0.4,SELL,-770,0.39,0.4
2026-01-04T16:59:55.761541Z,price_change,0.41000000000000003,SELL,-1745,0.39,0.4
2026-01-04T16:59:55.763039Z,price_change,0.41000000000000003,SELL,-563,0.39,0.4
2026-01-04T16:59:55.764351Z,price_change,0.41000000000000003,SELL,-113,0.39,0.4
2026-01-04T16:59:55.765743Z,price_change,0.42000000000000004,SELL,-4207,0.39,0.4
2026-01-04T16:59:56.426378Z,price_change,0.44999999999999996,SELL,8,0.39,0.4
2026-01-04T16:59:57.092478Z,price_change,0.38,BUY,250,0.39,0.4
2026-01-04T16:59:57.161223Z,price_change,0.4,SELL,1000,0.39,0.4
2026-01-04T16:59:57.286613Z,price_change,0.4,SELL,-10,0.39,0.4
2026-01-04T16:59:59.00561Z,price_change,0.75,SELL,-612,0.39,0.4
2026-01-04T16:59:59.00561Z,price_change,0.2,BUY,-606,0.39,0.4
2026-01-04T16:59:59.429176Z,price_change,0.4,SELL,-588,0.39,0.4
2026-01-04T17:00:00.007781Z,price_change,0.4,SELL,-16956,0.39,0.4
2026-01-04T17:00:00.007781Z,price_change,0.72,SELL,-250,0.39,0.4
2026-01-04T17:00:00.007781Z,price_change,0.45999999999999996,SELL,-10000,0.39,0.4
2026-01-04T17:00:00.007781Z,price_change,0.44999999999999996,SELL,-10000,0.39,0.4
2026-01-04T17:00:00.007781Z,price_change,0.43999999999999995,SELL,-4990,0.39,0.4
2026-01-04T17:00:00.055804Z,price_change,0.33,BUY,-501,0.39,0.4
2026-01-04T17:00:00.261938Z,price_change,0.4,SELL,1,0.39,0.4
2026-01-04T17:00:00.286894Z,price_change,0.43999999999999995,SELL,-1,0.39,0.4
2026-01-04T17:00:00.337259Z,price_change,0.37,BUY,-67,0.39,0.4
2026-01-04T17:00:00.338579Z,price_change,0.42000000000000004,SELL,-67,0.39,0.4
2026-01-04T17:00:00.433215Z,price_change,0.4,SELL,1,0.39,0.4
2026-01-04T17:00:03.865295Z,price_change,0.43000000000000005,SELL,-986,0.39,0.4
2026-01-04T17:00:03.87385Z,price_change,0.42000000000000004,SELL,-804,0.39,0.4
2026-01-04T17:00:04.052761Z,price_change,0.43000000000000005,SELL,-184,0.39,0.4
2026-01-04T17:00:04.053056Z,price_change,0.42000000000000004,SELL,-150,0.39,0.4
2026-01-04T17:00:04.088088Z,price_change,0.37,BUY,-186,0.39,0.4
2026-01-04T17:00:04.34856Z,price_change,0.36,BUY,-186,0.39,0.4
2026-01-04T17:00:04.636646Z,price_change,0.35,BUY,-169,0.39,0.4
2026-01-04T17:00:04.824535Z,price_change,0.41000000000000003,SELL,-166,0.39,0.4
2026-01-04T17:00:05.174123Z,price_change,0.4,SELL,-47,0.39,0.4
2026-01-04T17:00:05.201464Z,price_change,0.43999999999999995,SELL,35,0.39,0.4
2026-01-04T17:00:05.201502Z,price_change,0.33,BUY,-249,0.39,0.4
2026-01-04T17:00:05.212737Z,price_change,0.38,BUY,-250,0.39,0.4
2026-01-04T17:00:05.231889Z,price_change,0.37,BUY,250,0.39,0.4
2026-01-04T17:00:05.42823Z,price_change,0.37,BUY,-8446,0.39,0.4
2026-01-04T17:00:05.454574Z,price_change,0.42000000000000004,SELL,-5388,0.39,0.4
2026-01-04T17:00:05.779623Z,price_change,0.36,BUY,-834,0.39,0.4
2026-01-04T17:00:06.192834Z,price_change,0.29,BUY,-588,0.39,0.4
2026-01-04T17:00:06.194811Z,price_change,0.36,BUY,587,0.39,0.4
2026-01-04T17:00:06.195965Z,price_change,0.6799999999999999,SELL,690,0.39,0.4
2026-01-04T17:00:06.196995Z,price_change,0.18,BUY,361,0.39,0.4
2026-01-04T17:00:06.197947Z,price_change,0.6599999999999999,SELL,450,0.39,0.4
2026-01-04T17:00:06.45662Z,price_change,0.41000000000000003,SELL,-808,0.39,0.4
2026-01-04T17:00:06.545248Z,price_change,0.35,BUY,-818,0.39,0.4
2026-01-04T17:00:06.631583Z,price_change,0.37,BUY,-945,0.39,0.4
2026-01-04T17:00:09.309006Z,price_change,0.43999999999999995,SELL,282,0.39,0.4
2026-01-04T17:00:09.545875Z,price_change,0.4,SELL,-4,0.39,0.4
2026-01-04T17:00:10.187488Z,price_change,0.4,SELL,99,0.39,0.4
2026-01-04T17:00:10.310925Z,price_change,0.43999999999999995,SELL,-282,0.39,0.4
2026-01-04T17:00:19.986159Z,price_change,0.4,SELL,99,0.39,0.4
2026-01-04T17:00:20.021554Z,price_change,0.4,SELL,-99,0.39,0.4
2026-01-04T17:00:20.398514Z,price_change,0.4,SELL,-1,0.39,0.4
2026-01-04T17:00:20.436978Z,price_change,0.4,SELL,-99,0.39,0.4
2026-01-04T17:00:21.726017Z,price_change,0.4,SELL,-20,0.39,0.4
2026-01-04T17:00:29.000174Z,price_change,0.37,BUY,-10,0.39,0.4
2026-01-04T17:00:30.229629Z,price_change,0.4,SELL,-11,0.39,0.4
2026-01-04T17:00:31.167897Z,price_change,0.4,SELL,28,0.39,0.4
2026-01-04T17:00:31.193843Z,price_change,0.32,BUY,249,0.39,0.4
2026-01-04T17:00:31.408734Z,price_change,0.39,BUY,-7,0.39,0.4
2026-01-04T17:00:31.408734Z,price_change,0.39,BUY,-10,0.38,0.4
2026-01-04T17:00:31.408734Z,price_change,0.39,SELL,5724,0.38,0.39
2026-01-04T17:00:31.440622Z,price_change,0.32,BUY,-249,0.38,0.39
2026-01-04T17:00:31.440622Z,price_change,0.33,BUY,18,0.38,0.39
2026-01-04T17:00:31.508345Z,price_change,0.4,SELL,-1,0.38,0.39
2026-01-04T17:00:31.543765Z,price_change,0.4,SELL,-28,0.38,0.39
2026-01-04T17:00:32.241104Z,price_change,0.41000000000000003,SELL,-100,0.38,0.39
2026-01-04T17:00:32.243983Z,price_change,0.4,SELL,100,0.38,0.39
2026-01-04T17:00:32.823081Z,price_change,0.41000000000000003,SELL,-50,0.38,0.39
2026-01-04T17:00:33.40036Z,price_change,0.39,SELL,-1,0.38,0.39
2026-01-04T17:00:33.428085Z,price_change,0.33,BUY,-18,0.38,0.39
2026-01-04T17:00:33.428085Z,price_change,0.32,BUY,249,0.38,0.39
2026-01-04T17:00:33.43062Z,price_change,0.43999999999999995,SELL,160,0.38,0.39
2026-01-04T17:00:33.794013Z,price_change,0.35,BUY,-125,0.38,0.39
2026-01-04T17:00:41.603984Z,price_change,0.42000000000000004,SELL,3879,0.38,0.39
2026-01-04T17:00:41.610766Z,price_change,0.37,BUY,6081,0.38,0.39
2026-01-04T17:00:50.65648Z,price_change,0.39,SELL,-48,0.38,0.39
2026-01-04T17:00:50.710133Z,price_change,0.69,SELL,64,0.38,0.39
2026-01-04T17:00:52.176314Z,price_change,0.39,SELL,-177,0.38,0.39
2026-01-04T17:00:52.89332Z,price_change,0.37,BUY,50,0.38,0.39
2026-01-04T17:00:53.417651Z,price_change,0.39,SELL,-27,0.38,0.39
2026-01-04T17:00:54.238172Z,price_change,0.39,SELL,-26,0.38,0.39
2026-01-04T17:00:58.396309Z,price_change,0.39,SELL,-20,0.38,0.39
2026-01-04T17:01:02.731801Z,price_change,0.35,BUY,-8000,0.38,0.39
2026-01-04T17:01:02.734089Z,price_change,0.4,SELL,-7918,0.38,0.39
2026-01-04T17:01:02.75685Z,price_change,0.37,BUY,-250,0.38,0.39
2026-01-04T17:01:02.7723Z,price_change,0.36,BUY,250,0.38,0.39
2026-01-04T17:01:02.884667Z,price_change,0.33,BUY,8000,0.38,0.39
2026-01-04T17:01:02.885895Z,price_change,0.39,SELL,8000,0.38,0.39
2026-01-04T17:01:02.886045Z,price_change,0.39,SELL,-48,0.38,0.39
2026-01-04T17:01:03.041715Z,price_change,0.35,BUY,-31,0.38,0.39
2026-01-04T17:01:03.042996Z,price_change,0.41000000000000003,SELL,-75,0.38,0.39
2026-01-04T17:01:03.084189Z,price_change,0.4,SELL,75,0.38,0.39
2026-01-04T17:01:03.086602Z,price_change,0.34,BUY,31,0.38,0.39
2026-01-04T17:01:07.981384Z,price_change,0.39,SELL,-6,0.38,0.39
2026-01-04T17:01:09.316711Z,price_change,0.36,BUY,-250,0.38,0.39
2026-01-04T17:01:09.34113Z,price_change,0.37,BUY,250,0.38,0.39
2026-01-04T17:01:11.668589Z,price_change,0.42000000000000004,SELL,-3879,0.38,0.39
2026-01-04T17:01:11.682049Z,price_change,0.41000000000000003,SELL,3814,0.38,0.39
2026-01-04T17:01:15.717706Z,price_change,0.6599999999999999,SELL,-450,0.38,0.39
2026-01-04T17:01:15.719664Z,price_change,0.6799999999999999,SELL,-690,0.38,0.39
2026-01-04T17:01:15.720867Z,price_change,0.18,BUY,-361,0.38,0.39
2026-01-04T17:01:15.722114Z,price_change,0.36,BUY,-587,0.38,0.39
2026-01-04T17:01:18.367259Z,price_change,0.69,SELL,-64,0.38,0.39
2026-01-04T17:01:18.393366Z,price_change,0.69,SELL,64,0.38,0.39
2026-01-04T17:01:18.655087Z,price_change,0.39,SELL,-61,0.38,0.39
2026-01-04T17:01:20.838799Z,price_change,0.39,SELL,-73,0.38,0.39
2026-01-04T17:01:25.398611Z,price_change,0.39,SELL,-1540,0.38,0.39
2026-01-04T17:01:27.978948Z,price_change,0.39,SELL,-122,0.38,0.39
2026-01-04T17:01:28.004711Z,price_change,0.32,BUY,-1,0.38,0.39
2026-01-04T17:01:28.006181Z,price_change,0.43999999999999995,SELL,-1,0.38,0.39
2026-01-04T17:01:34.903732Z,price_change,0.69,SELL,-64,0.38,0.39
2026-01-04T17:01:34.929591Z,price_change,0.69,SELL,64,0.38,0.39
2026-01-04T17:01:36.321635Z,price_change,0.39,SELL,-26,0.38,0.39
2026-01-04T17:01:36.467704Z,price_change,0.69,SELL,605,0.38,0.39
2026-01-04T17:01:36.468768Z,price_change,0.17,BUY,602,0.38,0.39
2026-01-04T17:01:36.470214Z,price_change,0.19,BUY,352,0.38,0.39
2026-01-04T17:01:36.471395Z,price_change,0.6699999999999999,SELL,521,0.38,0.39
2026-01-04T17:01:38.011918Z,price_change,0.39,SELL,-5,0.38,0.39
2026-01-04T17:01:43.870397Z,price_change,0.39,SELL,-439,0.38,0.39
2026-01-04T17:01:48.944577Z,price_change,0.39,SELL,-1500,0.38,0.39
2026-01-04T17:01:52.056646Z,price_change,0.39,SELL,-48,0.38,0.39
2026-01-04T17:01:53.710842Z,price_change,0.34,BUY,8000,0.38,0.39
2026-01-04T17:01:53.717333Z,price_change,0.33,BUY,-8000,0.38,0.39
2026-01-04T17:01:57.587413Z,price_change,0.39,SELL,-10,0.38,0.39
2026-01-04T17:02:02.882962Z,price_change,0.39,SELL,-47,0.38,0.39
2026-01-04T17:02:02.91024Z,price_change,0.43999999999999995,SELL,-248,0.38,0.39
2026-01-04T17:02:02.91024Z,price_change,0.44999999999999996,SELL,248,0.38,0.39
2026-01-04T17:02:04.514462Z,price_change,0.39,SELL,-4,0.38,0.39
2026-01-04T17:02:05.785955Z,price_change,0.39,SELL,-50,0.38,0.39
2026-01-04T17:02:10.210993Z,price_change,0.39,SELL,-1446,0.38,0.39
2026-01-04T17:02:10.210993Z,price_change,0.39,SELL,-8000,0.38,0.4
2026-01-04T17:02:10.227761Z,price_change,0.69,SELL,-605,0.38,0.4
2026-01-04T17:02:10.230787Z,price_change,0.17,BUY,-602,0.38,0.4
2026-01-04T17:02:10.232321Z,price_change,0.6599999999999999,SELL,592,0.38,0.4
2026-01-04T17:02:10.233746Z,price_change,0.18,BUY,598,0.38,0.4
2026-01-04T17:02:10.393038Z,price_change,0.4,SELL,8000,0.38,0.4
2026-01-04T17:02:10.749058Z,price_change,0.4,SELL,1,0.38,0.4
2026-01-04T17:02:11.510261Z,price_change,0.4,SELL,-1,0.38,0.4
2026-01-04T17:02:14.527208Z,price_change,0.38,BUY,1000,0.38,0.4
2026-01-04T17:02:14.541426Z,price_change,0.6699999999999999,SELL,-521,0.38,0.4
2026-01-04T17:02:15.818355Z,price_change,0.4,SELL,-67,0.38,0.4
2026-01-04T17:02:17.467059Z,price_change,0.4,SELL,-23,0.38,0.4
2026-01-04T17:02:17.483683Z,price_change,0.6799999999999999,SELL,544,0.38,0.4
2026-01-04T17:02:18.920435Z,price_change,0.34,BUY,-8000,0.38,0.4
2026-01-04T17:02:18.922219Z,price_change,0.4,SELL,-8000,0.38,0.4
2026-01-04T17:02:18.924757Z,price_change,0.4,SELL,-910,0.38,0.4
2026-01-04T17:02:18.938053Z,price_change,0.37,BUY,-250,0.38,0.4
2026-01-04T17:02:18.948343Z,price_change,0.44999999999999996,SELL,-227,0.38,0.4
2026-01-04T17:02:19.078124Z,price_change,0.36,BUY,200,0.38,0.4
2026-01-04T17:02:19.079604Z,price_change,0.4,SELL,200,0.38,0.4
2026-01-04T17:02:19.107753Z,price_change,0.44999999999999996,SELL,140,0.38,0.4
2026-01-04T17:02:19.148983Z,price_change,0.37,BUY,-6081,0.38,0.4
2026-01-04T17:02:19.161815Z,price_change,0.36,BUY,6250,0.38,0.4
2026-01-04T17:02:19.162453Z,price_change,0.37,BUY,250,0.38,0.4
2026-01-04T17:02:19.254182Z,price_change,0.37,BUY,-250,0.38,0.4
2026-01-04T17:02:19.258657Z,price_change,0.4,SELL,-75,0.38,0.4
2026-01-04T17:02:19.260156Z,price_change,0.34,BUY,-31,0.38,0.4
2026-01-04T17:02:19.328148Z,price_change,0.41000000000000003,SELL,75,0.38,0.4
2026-01-04T17:02:19.329225Z,price_change,0.35,BUY,31,0.38,0.4
2026-01-04T17:02:19.591851Z,price_change,0.37,BUY,250,0.38,0.4
2026-01-04T17:02:19.597155Z,price_change,0.41000000000000003,SELL,-75,0.38,0.4
2026-01-04T17:02:19.598723Z,price_change,0.35,BUY,-31,0.38,0.4
2026-01-04T17:02:19.94677Z,price_change,0.37,BUY,-250,0.38,0.4
2026-01-04T17:02:19.955801Z,price_change,0.39,SELL,200,0.38,0.39
2026-01-04T17:02:19.956636Z,price_change,0.4,SELL,-200,0.38,0.39
2026-01-04T17:02:19.974122Z,price_change,0.4,SELL,1000,0.38,0.39
2026-01-04T17:02:19.9803Z,price_change,0.44999999999999996,SELL,-161,0.38,0.39
2026-01-04T17:02:19.9803Z,price_change,0.43999999999999995,SELL,140,0.38,0.39
2026-01-04T17:02:20.154869Z,price_change,0.4,SELL,-1000,0.38,0.39
2026-01-04T17:02:21.345789Z,price_change,0.55,SELL,500,0.38,0.39
2026-01-04T17:02:21.346972Z,price_change,0.54,SELL,500,0.38,0.39
2026-01-04T17:02:21.347733Z,price_change,0.53,SELL,500,0.38,0.39
2026-01-04T17:02:21.348683Z,price_change,0.52,SELL,500,0.38,0.39
2026-01-04T17:02:21.349454Z,price_change,0.51,SELL,500,0.38,0.39
2026-01-04T17:02:21.350234Z,price_change,0.5,SELL,500,0.38,0.39
2026-01-04T17:02:21.351161Z,price_change,0.49,SELL,500,0.38,0.39
2026-01-04T17:02:21.352036Z,price_change,0.48,SELL,500,0.38,0.39
2026-01-04T17:02:21.352928Z,price_change,0.47,SELL,500,0.38,0.39
2026-01-04T17:02:21.353936Z,price_change,0.45999999999999996,SELL,500,0.38,0.39
2026-01-04T17:02:21.354674Z,price_change,0.44999999999999996,SELL,500,0.38,0.39
2026-01-04T17:02:21.355408Z,price_change,0.43999999999999995,SELL,500,0.38,0.39
2026-01-04T17:02:21.356146Z,price_change,0.43000000000000005,SELL,500,0.38,0.39
2026-01-04T17:02:21.356857Z,price_change,0.42000000000000004,SELL,500,0.38,0.39
2026-01-04T17:02:21.357689Z,price_change,0.41000000000000003,SELL,500,0.38,0.39
2026-01-04T17:02:21.403249Z,price_change,0.39,SELL,-200,0.38,0.4
2026-01-04T17:02:21.587689Z,price_change,0.39,SELL,200,0.38,0.39
2026-01-04T17:02:21.603612Z,price_change,0.36,BUY,-200,0.38,0.39
2026-01-04T17:02:21.76715Z,price_change,0.36,BUY,50,0.38,0.39
2026-01-04T17:02:21.843072Z,price_change,0.39,SELL,-200,0.38,0.4
2026-01-04T17:02:21.863967Z,price_change,0.43999999999999995,SELL,-105,0.38,0.4
2026-01-04T17:02:22.579295Z,price_change,0.4,SELL,75,0.38,0.4
2026-01-04T17:02:22.605257Z,price_change,0.34,BUY,31,0.38,0.4
2026-01-04T17:02:23.957229Z,price_change,0.4,SELL,-100,0.38,0.4
2026-01-04T17:02:23.957229Z,price_change,0.4,SELL,-75,0.38,0.41
2026-01-04T17:02:24.040902Z,price_change,0.34,BUY,-31,0.38,0.41
2026-01-04T17:02:24.083358Z,price_change,0.42000000000000004,SELL,50,0.38,0.41
2026-01-04T17:02:24.129064Z,price_change,0.34,BUY,31,0.38,0.41
2026-01-04T17:02:24.137241Z,price_change,0.4,SELL,75,0.38,0.4
2026-01-04T17:02:24.194347Z,price_change,0.42000000000000004,SELL,-50,0.38,0.4
2026-01-04T17:02:29.279357Z,price_change,0.39,SELL,100,0.38,0.39
2026-01-04T17:02:29.76921Z,price_change,0.39,SELL,-56,0.38,0.39
2026-01-04T17:02:31.178548Z,price_change,0.34,BUY,282,0.38,0.39
2026-01-04T17:02:31.646124Z,price_change,0.37,BUY,80,0.38,0.39
2026-01-04T17:02:31.647706Z,price_change,0.42000000000000004,SELL,80,0.38,0.39
2026-01-04T17:02:31.674134Z,price_change,0.34,BUY,-282,0.38,0.39
2026-01-04T17:02:32.089714Z,price_change,0.36,BUY,-50,0.38,0.39
2026-01-04T17:02:32.090372Z,price_change,0.39,SELL,-44,0.38,0.4
2026-01-04T17:02:32.101743Z,price_change,0.36,BUY,-6250,0.38,0.4
2026-01-04T17:02:32.117318Z,price_change,0.43999999999999995,SELL,-35,0.38,0.4
2026-01-04T17:02:32.117318Z,price_change,0.44999999999999996,SELL,21,0.38,0.4
2026-01-04T17:02:32.118477Z,price_change,0.41000000000000003,SELL,-3814,0.38,0.4
2026-01-04T17:02:32.124549Z,price_change,0.38,BUY,5921,0.38,0.4
2026-01-04T17:02:32.131917Z,price_change,0.43000000000000005,SELL,3947,0.38,0.4
2026-01-04T17:02:32.146319Z,price_change,0.32,BUY,-248,0.38,0.4
2026-01-04T17:02:32.146319Z,price_change,0.33,BUY,248,0.38,0.4
2026-01-04T17:02:32.35618Z,price_change,0.34,BUY,-31,0.38,0.4
2026-01-04T17:02:32.357641Z,price_change,0.4,SELL,-75,0.38,0.41
2026-01-04T17:02:32.385081Z,price_change,0.55,SELL,-500,0.38,0.41
2026-01-04T17:02:32.38658Z,price_change,0.54,SELL,-500,0.38,0.41
2026-01-04T17:02:32.422713Z,price_change,0.42000000000000004,SELL,50,0.38,0.41
2026-01-04T17:02:32.530978Z,price_change,0.38,BUY,10,0.38,0.41
2026-01-04T17:02:32.561101Z,price_change,0.44999999999999996,SELL,-21,0.38,0.41
2026-01-04T17:02:32.561101Z,price_change,0.45999999999999996,SELL,3,0.38,0.41
2026-01-04T17:02:32.578981Z,price_change,0.41000000000000003,SELL,1,0.38,0.41
2026-01-04T17:02:32.599534Z,price_change,0.41000000000000003,SELL,100,0.38,0.41
2026-01-04T17:02:32.644401Z,price_change,0.4,SELL,500,0.38,0.4
2026-01-04T17:02:32.646019Z,price_change,0.39,SELL,500,0.38,0.39
2026-01-04T17:02:32.681186Z,price_change,0.42000000000000004,SELL,-50,0.38,0.39
2026-01-04T17:02:33.024892Z,price_change,0.42000000000000004,SELL,100,0.38,0.39
2026-01-04T17:02:34.146037Z,price_change,0.39,SELL,-5,0.38,0.39
2026-01-04T17:02:34.170829Z,price_change,0.38,BUY,250,0.38,0.39
2026-01-04T17:02:34.304575Z,price_change,0.41000000000000003,SELL,100,0.38,0.39
2026-01-04T17:02:34.306479Z,price_change,0.42000000000000004,SELL,-100,0.38,0.39
2026-01-04T17:02:34.323116Z,price_change,0.41000000000000003,SELL,-100,0.38,0.39
2026-01-04T17:02:34.323116Z,price_change,0.4,SELL,100,0.38,0.39
2026-01-04T17:02:34.515243Z,price_change,0.41000000000000003,SELL,-1,0.38,0.39
2026-01-04T17:02:34.515243Z,price_change,0.4,SELL,1,0.38,0.39
2026-01-04T17:02:34.70965Z,price_change,0.42000000000000004,SELL,-80,0.38,0.39
2026-01-04T17:02:35.034059Z,price_change,0.39,SELL,200,0.38,0.39
2026-01-04T17:02:37.794892Z,price_change,0.37,BUY,-80,0.38,0.39
2026-01-04T17:02:38.213332Z,price_change,0.39,SELL,-495,0.38,0.39
2026-01-04T17:02:38.213332Z,price_change,0.39,SELL,-200,0.38,0.4
2026-01-04T17:02:38.85979Z,price_change,0.39,SELL,20,0.38,0.39
2026-01-04T17:02:38.892156Z,price_change,0.33,BUY,-248,0.38,0.39
2026-01-04T17:02:38.892156Z,price_change,0.34,BUY,70,0.38,0.39
2026-01-04T17:02:39.462584Z,price_change,0.39,SELL,-20,0.38,0.4
2026-01-04T17:02:39.462584Z,price_change,0.4,SELL,-32,0.38,0.4
2026-01-04T17:02:39.492514Z,price_change,0.34,BUY,178,0.38,0.4
2026-01-04T17:02:39.523369Z,price_change,0.4,SELL,-100,0.38,0.4
2026-01-04T17:02:39.523369Z,price_change,0.41000000000000003,SELL,100,0.38,0.4
2026-01-04T17:02:39.686633Z,price_change,0.39,BUY,30,0.39,0.4
2026-01-04T17:02:39.687872Z,price_change,0.43999999999999995,SELL,30,0.39,0.4
2026-01-04T17:02:39.749052Z,price_change,0.4,SELL,-1,0.39,0.4
2026-01-04T17:02:39.749052Z,price_change,0.41000000000000003,SELL,1,0.39,0.4
2026-01-04T17:02:39.789458Z,price_change,0.38,BUY,-10,0.39,0.4
2026-01-04T17:02:40.686894Z,price_change,0.37,BUY,-50,0.39,0.4
2026-01-04T17:02:41.753297Z,price_change,0.43000000000000005,SELL,-3947,0.39,0.4
2026-01-04T17:02:41.756933Z,price_change,0.42000000000000004,SELL,3879,0.39,0.4
2026-01-04T17:02:42.105914Z,price_change,0.4,SELL,-468,0.39,0.41
2026-01-04T17:02:42.105914Z,price_change,0.41000000000000003,SELL,-500,0.39,0.41
2026-01-04T17:02:42.105914Z,price_change,0.41000000000000003,SELL,-100,0.39,0.41
2026-01-04T17:02:42.105914Z,price_change,0.41000000000000003,SELL,-100,0.39,0.41
2026-01-04T17:02:42.105914Z,price_change,0.41000000000000003,SELL,-1,0.39,0.41
2026-01-04T17:02:42.105914Z,price_change,0.42000000000000004,SELL,-500,0.39,0.41
2026-01-04T17:02:42.105914Z,price_change,0.42000000000000004,SELL,-49,0.39,0.41
2026-01-04T17:02:42.137329Z,price_change,0.34,BUY,-227,0.39,0.41
2026-01-04T17:02:42.144296Z,price_change,0.41000000000000003,SELL,100,0.39,0.41
2026-01-04T17:02:42.220013Z,price_change,0.41000000000000003,SELL,20,0.39,0.41
2026-01-04T17:02:43.309814Z,price_change,0.41000000000000003,SELL,-100,0.39,0.41
2026-01-04T17:02:43.310352Z,price_change,0.42000000000000004,SELL,100,0.39,0.41
2026-01-04T17:02:43.33358Z,price_change,0.34,BUY,227,0.39,0.41
2026-01-04T17:02:43.75398Z,price_change,0.55,SELL,500,0.39,0.41
2026-01-04T17:02:43.755103Z,price_change,0.54,SELL,500,0.39,0.41
2026-01-04T17:02:43.843466Z,price_change,0.41000000000000003,SELL,-20,0.39,0.41
2026-01-04T17:02:43.843466Z,price_change,0.42000000000000004,SELL,1,0.39,0.41
2026-01-04T17:02:43.868291Z,price_change,0.34,BUY,-248,0.39,0.41
2026-01-04T17:02:43.868291Z,price_change,0.35,BUY,248,0.39,0.41
2026-01-04T17:02:43.959752Z,price_change,0.42000000000000004,SELL,1,0.39,0.41
2026-01-04T17:02:44.446635Z,price_change,0.43000000000000005,SELL,50,0.39,0.41
2026-01-04T17:02:48.991611Z,price_change,0.38,BUY,-250,0.39,0.41
2026-01-04T17:02:49.114011Z,price_change,0.39,BUY,100,0.39,0.41
2026-01-04T17:02:49.115331Z,price_change,0.43000000000000005,SELL,100,0.39,0.41
2026-01-04T17:02:49.14087Z,price_change,0.45999999999999996,SELL,173,0.39,0.41
2026-01-04T17:02:49.416234Z,price_change,0.43999999999999995,SELL,75,0.39,0.41
2026-01-04T17:02:49.418043Z,price_change,0.38,BUY,31,0.39,0.41
2026-01-04T17:02:49.435008Z,price_change,0.43000000000000005,SELL,-50,0.39,0.41
2026-01-04T17:02:49.435099Z,price_change,0.38,BUY,50,0.39,0.41
2026-01-04T17:02:51.079912Z,price_change,0.42000000000000004,SELL,-27,0.39,0.41
2026-01-04T17:02:54.504754Z,price_change,0.56,SELL,500,0.39,0.41
2026-01-04T17:02:54.506564Z,price_change,0.42000000000000004,SELL,500,0.39,0.41
2026-01-04T17:02:54.532078Z,price_change,0.35,BUY,-1,0.39,0.41
2026-01-04T17:02:57.44192Z,price_change,0.42000000000000004,SELL,-1,0.39,0.41
2026-01-04T17:02:57.44192Z,price_change,0.41000000000000003,SELL,1,0.39,0.41
2026-01-04T17:02:57.45879Z,price_change,0.6599999999999999,SELL,-592,0.39,0.41
2026-01-04T17:02:57.459834Z,price_change,0.42000000000000004,SELL,-1,0.39,0.41
2026-01-04T17:02:57.459834Z,price_change,0.41000000000000003,SELL,1,0.39,0.41
2026-01-04T17:02:57.460127Z,price_change,0.6699999999999999,SELL,551,0.39,0.41
2026-01-04T17:02:57.467627Z,price_change,0.45999999999999996,SELL,-176,0.39,0.41
2026-01-04T17:02:57.467627Z,price_change,0.44999999999999996,SELL,247,0.39,0.41
2026-01-04T17:02:57.470559Z,price_change,0.35,BUY,-247,0.39,0.41
2026-01-04T17:02:57.470559Z,price_change,0.34,BUY,247,0.39,0.41
2026-01-04T17:02:58.320408Z,price_change,0.42000000000000004,SELL,-100,0.39,0.41
2026-01-04T17:02:58.322282Z,price_change,0.41000000000000003,SELL,100,0.39,0.41
2026-01-04T17:03:00.000746Z,price_change,0.69,SELL,-442,0.39,0.41
2026-01-04T17:03:00.000746Z,price_change,0.71,SELL,-1402,0.39,0.41
2026-01-04T17:03:00.000746Z,price_change,0.18,BUY,-19,0.39,0.41
2026-01-04T17:03:00.000746Z,price_change,0.6699999999999999,SELL,-246,0.39,0.41
2026-01-04T17:03:00.000746Z,price_change,0.16,BUY,-1330,0.39,0.41
2026-01-04T17:03:00.000746Z,price_change,0.17,BUY,-1330,0.39,0.41
2026-01-04T17:03:00.000746Z,price_change,0.7,SELL,-821,0.39,0.41
2026-01-04T17:03:00.000746Z,price_change,0.2,BUY,-19,0.39,0.41
2026-01-04T17:03:00.000746Z,price_change,0.64,SELL,-12,0.39,0.41
2026-01-04T17:03:00.027467Z,price_change,0.6799999999999999,SELL,-544,0.39,0.41
2026-01-04T17:03:00.031128Z,price_change,0.69,SELL,570,0.39,0.41
2026-01-04T17:03:00.924826Z,price_change,0.69,SELL,-64,0.39,0.41
2026-01-04T17:03:00.957084Z,price_change,0.71,SELL,68,0.39,0.41
2026-01-04T17:03:02.124563Z,price_change,0.41000000000000003,SELL,-1,0.39,0.41
2026-01-04T17:03:02.124563Z,price_change,0.41000000000000003,SELL,-1,0.39,0.41
2026-01-04T17:03:02.124563Z,price_change,0.41000000000000003,SELL,-2,0.39,0.41
2026-01-04T17:03:02.728943Z,price_change,0.41000000000000003,SELL,-58,0.39,0.41
2026-01-04T17:03:03.91421Z,price_change,0.41000000000000003,SELL,-2,0.39,0.41
2026-01-04T17:03:03.937802Z,price_change,0.44999999999999996,SELL,-247,0.39,0.41
2026-01-04T17:03:04.388566Z,price_change,0.42000000000000004,SELL,200,0.39,0.41
2026-01-04T17:03:07.327331Z,price_change,0.42000000000000004,SELL,100,0.39,0.41
2026-01-04T17:03:07.330834Z,price_change,0.41000000000000003,SELL,-38,0.39,0.41
2026-01-04T17:03:09.233393Z,price_change,0.41000000000000003,SELL,1,0.39,0.41
2026-01-04T17:03:10.741979Z,price_change,0.41000000000000003,SELL,1,0.39,0.41
2026-01-04T17:03:11.784434Z,price_change,0.36,BUY,6250,0.39,0.41
2026-01-04T17:03:11.787134Z,price_change,0.38,BUY,-5921,0.39,0.41
2026-01-04T17:03:11.795453Z,price_change,0.41000000000000003,SELL,3814,0.39,0.41
2026-01-04T17:03:11.796589Z,price_change,0.42000000000000004,SELL,-3803,0.39,0.41
2026-01-04T17:03:12.112106Z,price_change,0.39,BUY,-30,0.39,0.41
2026-01-04T17:03:12.379755Z,price_change,0.38,BUY,25,0.39,0.41
2026-01-04T17:03:14.274599Z,price_change,0.36,BUY,-6250,0.39,0.41
2026-01-04T17:03:14.288579Z,price_change,0.37,BUY,6081,0.39,0.41
2026-01-04T17:03:14.300728Z,price_change,0.39,BUY,-100,0.38,0.41
2026-01-04T17:03:14.302519Z,price_change,0.43000000000000005,SELL,-100,0.38,0.41
2026-01-04T17:03:14.328452Z,price_change,0.34,BUY,-247,0.38,0.41
2026-01-04T17:03:14.328452Z,price_change,0.33,BUY,247,0.38,0.41
2026-01-04T17:03:14.580524Z,price_change,0.38,BUY,10,0.38,0.41
2026-01-04T17:03:14.624107Z,price_change,0.41000000000000003,SELL,-1,0.38,0.41
2026-01-04T17:03:14.624107Z,price_change,0.41000000000000003,SELL,-1,0.38,0.41
2026-01-04T17:03:14.624107Z,price_change,0.41000000000000003,SELL,-67,0.38,0.41
2026-01-04T17:03:14.854139Z,price_change,0.36,BUY,100,0.38,0.41
2026-01-04T17:03:14.855684Z,price_change,0.39,SELL,100,0.38,0.39
2026-01-04T17:03:14.880023Z,price_change,0.33,BUY,-247,0.38,0.39
2026-01-04T17:03:14.880023Z,price_change,0.34,BUY,247,0.38,0.39
2026-01-04T17:03:14.882359Z,price_change,0.38,BUY,-10,0.38,0.39
2026-01-04T17:03:15.044841Z,price_change,0.41000000000000003,SELL,40,0.38,0.39
2026-01-04T17:03:15.123398Z,price_change,0.38,BUY,-50,0.38,0.39
2026-01-04T17:03:15.123398Z,price_change,0.37,BUY,50,0.38,0.39
2026-01-04T17:03:15.215981Z,price_change,0.41000000000000003,SELL,2,0.38,0.39
2026-01-04T17:03:15.223052Z,price_change,0.43999999999999995,SELL,-75,0.38,0.39
2026-01-04T17:03:15.22397Z,price_change,0.38,BUY,-31,0.38,0.39
2026-01-04T17:03:15.293162Z,price_change,0.43000000000000005,SELL,25,0.38,0.39
2026-01-04T17:03:15.302931Z,price_change,0.41000000000000003,SELL,47,0.38,0.39
2026-01-04T17:03:15.309047Z,price_change,0.4,SELL,75,0.38,0.39
2026-01-04T17:03:15.311015Z,price_change,0.34,BUY,31,0.38,0.39
2026-01-04T17:03:15.463116Z,price_change,0.41000000000000003,SELL,3,0.38,0.39
2026-01-04T17:03:15.472279Z,price_change,0.41000000000000003,SELL,-2,0.38,0.39
2026-01-04T17:03:15.580869Z,price_change,0.41000000000000003,SELL,3,0.38,0.39
2026-01-04T17:03:15.635344Z,price_change,0.41000000000000003,SELL,4,0.38,0.39
2026-01-04T17:03:15.651407Z,price_change,0.41000000000000003,SELL,-3,0.38,0.39
2026-01-04T17:03:15.671283Z,price_change,0.43000000000000005,SELL,-25,0.38,0.39
2026-01-04T17:03:15.682187Z,price_change,0.39,SELL,-39,0.38,0.39
2026-01-04T17:03:15.70685Z,price_change,0.44999999999999996,SELL,22,0.38,0.39
2026-01-04T17:03:16.489771Z,price_change,0.41000000000000003,SELL,5,0.38,0.39
2026-01-04T17:03:16.499197Z,price_change,0.41000000000000003,SELL,-4,0.38,0.39
2026-01-04T17:03:16.750029Z,price_change,0.56,SELL,-500,0.38,0.39
2026-01-04T17:03:16.751602Z,price_change,0.55,SELL,-500,0.38,0.39
2026-01-04T17:03:17.019907Z,price_change,0.41000000000000003,SELL,500,0.38,0.39
2026-01-04T17:03:17.020752Z,price_change,0.4,SELL,500,0.38,0.39
2026-01-04T17:03:17.076013Z,price_change,0.41000000000000003,SELL,6,0.38,0.39
2026-01-04T17:03:17.087716Z,price_change,0.41000000000000003,SELL,-5,0.38,0.39
2026-01-04T17:03:17.096095Z,price_change,0.4,SELL,1000,0.38,0.39
2026-01-04T17:03:17.15449Z,price_change,0.41000000000000003,SELL,-40,0.38,0.39
2026-01-04T17:03:17.166063Z,price_change,0.41000000000000003,SELL,-6,0.38,0.39
2026-01-04T17:03:17.331717Z,price_change,0.41000000000000003,SELL,100,0.38,0.39
