timestamp,event_type,price,side,size,best_bid,best_ask
,book,0.5600,BUY,10,0.5600,0.58
,book,0.58,SELL,38635,0.5600,0.58
2026-01-04T15:09:09.666791Z,price_change,0.5800000000000001,SELL,-15,0.56,0.58
2026-01-04T15:09:20.439069Z,price_change,0.52,BUY,500,0.56,0.58
2026-01-04T15:09:29.595174Z,price_change,0.5900000000000001,SELL,-20,0.56,0.58
2026-01-04T15:09:29.68281Z,price_change,0.53,BUY,-20,0.56,0.58
2026-01-04T15:09:29.768661Z,price_change,0.5900000000000001,SELL,-20,0.56,0.58
2026-01-04T15:09:29.853735Z,price_change,0.53,BUY,-20,0.56,0.58
2026-01-04T15:09:29.942147Z,price_change,0.5900000000000001,SELL,-20,0.56,0.58
2026-01-04T15:09:30.030632Z,price_change,0.53,BUY,-20,0.56,0.58
2026-01-04T15:09:30.239065Z,price_change,0.54,BUY,20,0.56,0.58
2026-01-04T15:09:30.240333Z,price_change,0.6,SELL,20,0.56,0.58
2026-01-04T15:09:30.251827Z,price_change,0.54,BUY,20,0.56,0.58
2026-01-04T15:09:30.253222Z,price_change,0.6,SELL,20,0.56,0.58
2026-01-04T15:09:30.353654Z,price_change,0.54,BUY,20,0.56,0.58
2026-01-04T15:09:30.354523Z,price_change,0.6,SELL,20,0.56,0.58
2026-01-04T15:09:35.856376Z,price_change,0.5800000000000001,SELL,-83,0.56,0.58
2026-01-04T15:09:39.450285Z,price_change,0.5800000000000001,SELL,-166,0.56,0.58
,book,0.5600,BUY,10,0.5600,0.58
,book,0.58,SELL,38371,0.5600,0.58
,book,0.5800,BUY,36811,0.5800,0.59
,book,0.59,SELL,38981,0.5800,0.59
,book,0.5800,BUY,36803,0.5800,0.59
,book,0.59,SELL,37179,0.5800,0.59
,book,0.5800,BUY,36802,0.5800,0.59
,book,0.59,SELL,9773,0.5800,0.59
2026-01-04T15:45:14.501962Z,price_change,0.5900000000000001,SELL,-32,0.58,0.59
2026-01-04T15:45:19.386237Z,price_change,0.57,BUY,221,0.58,0.59
2026-01-04T15:45:24.557692Z,price_change,0.5900000000000001,SELL,-2,0.58,0.59
2026-01-04T15:45:28.094501Z,price_change,0.5900000000000001,SELL,-1,0.58,0.59
2026-01-04T15:45:33.544339Z,price_change,0.57,BUY,-50,0.58,0.59
2026-01-04T15:45:43.012088Z,price_change,0.5900000000000001,SELL,-1580,0.58,0.59
2026-01-04T15:45:43.012088Z,price_change,0.5900000000000001,SELL,-7622,0.58,0.59
2026-01-04T15:45:43.012088Z,price_change,0.5900000000000001,SELL,-536,0.58,0.59
2026-01-04T15:45:58.433358Z,price_change,0.61,SELL,-108,0.58,0.59
2026-01-04T15:46:03.22935Z,price_change,0.61,SELL,108,0.58,0.59
2026-01-04T15:46:05.721912Z,price_change,0.61,SELL,-108,0.58,0.59
2026-01-04T15:46:18.153423Z,price_change,0.6,SELL,-16,0.58,0.59
2026-01-04T15:46:18.66404Z,price_change,0.6,SELL,-2,0.58,0.59
2026-01-04T15:46:21.862949Z,price_change,0.61,SELL,50,0.58,0.59
2026-01-04T15:46:22.207987Z,price_change,0.61,SELL,980,0.58,0.59
2026-01-04T15:46:22.444558Z,price_change,0.61,SELL,108,0.58,0.59
2026-01-04T15:46:38.806416Z,price_change,0.62,SELL,-20,0.58,0.59
2026-01-04T15:46:38.891712Z,price_change,0.55,BUY,-20,0.58,0.59
2026-01-04T15:46:38.976738Z,price_change,0.62,SELL,-20,0.58,0.59
2026-01-04T15:46:39.05937Z,price_change,0.55,BUY,-20,0.58,0.59
2026-01-04T15:46:39.143051Z,price_change,0.62,SELL,-20,0.58,0.59
2026-01-04T15:46:39.225891Z,price_change,0.55,BUY,-20,0.58,0.59
2026-01-04T15:46:39.431387Z,price_change,0.56,BUY,20,0.58,0.59
2026-01-04T15:46:39.432417Z,price_change,0.62,SELL,20,0.58,0.59
2026-01-04T15:46:39.452914Z,price_change,0.56,BUY,20,0.58,0.59
2026-01-04T15:46:39.454278Z,price_change,0.56,BUY,20,0.58,0.59
2026-01-04T15:46:39.454495Z,price_change,0.62,SELL,20,0.58,0.59
2026-01-04T15:46:39.455341Z,price_change,0.62,SELL,20,0.58,0.59
2026-01-04T15:46:57.245339Z,price_change,0.6,SELL,-10000,0.58,0.59
2026-01-04T15:46:57.445062Z,price_change,0.58,BUY,-200,0.58,0.59
2026-01-04T15:46:57.478119Z,price_change,0.59,BUY,200,0.59,0.59
2026-01-04T15:46:57.569495Z,price_change,0.61,SELL,-200,0.59,0.59
2026-01-04T15:46:57.666596Z,price_change,0.62,SELL,200,0.59,0.59
2026-01-04T15:47:01.861101Z,price_change,0.61,SELL,-50,0.59,0.59
2026-01-04T15:47:05.530674Z,price_change,0.6,SELL,7812,0.59,0.59
2026-01-04T15:47:05.571666Z,price_change,0.55,BUY,5682,0.59,0.59
2026-01-04T15:47:05.592832Z,price_change,0.54,BUY,-5787,0.59,0.59
2026-01-04T15:47:05.638401Z,price_change,0.59,BUY,-200,0.58,0.59
2026-01-04T15:47:05.664162Z,price_change,0.58,BUY,200,0.58,0.59
2026-01-04T15:47:05.693549Z,price_change,0.62,SELL,-200,0.58,0.59
2026-01-04T15:47:05.729008Z,price_change,0.61,SELL,200,0.58,0.59
2026-01-04T15:47:05.990085Z,price_change,0.61,SELL,10000,0.58,0.59
2026-01-04T15:47:09.341895Z,price_change,0.57,BUY,50,0.58,0.59
2026-01-04T15:47:24.003076Z,price_change,0.54,BUY,-500,0.58,0.59
2026-01-04T15:47:31.357202Z,price_change,0.57,BUY,-50,0.58,0.59
2026-01-04T15:47:31.357272Z,price_change,0.61,SELL,50,0.58,0.59
2026-01-04T15:47:49.33229Z,price_change,0.6,SELL,-11,0.58,0.59
2026-01-04T15:48:06.415985Z,price_change,0.6,SELL,-45,0.58,0.59
2026-01-04T15:48:06.496146Z,price_change,0.6,SELL,45,0.58,0.59
2026-01-04T15:48:06.607654Z,price_change,0.6,SELL,-44,0.58,0.59
2026-01-04T15:48:15.04523Z,price_change,0.61,SELL,-50,0.58,0.59
2026-01-04T15:48:16.285421Z,price_change,0.6,SELL,-161,0.58,0.59
2026-01-04T15:48:16.337098Z,price_change,0.6,SELL,161,0.58,0.59
2026-01-04T15:48:16.472602Z,price_change,0.6,SELL,-157,0.58,0.59
2026-01-04T15:48:16.556474Z,price_change,0.6,SELL,-55,0.58,0.59
2026-01-04T15:48:16.599577Z,price_change,0.6,SELL,-737,0.58,0.59
2026-01-04T15:48:16.601Z,price_change,0.6,SELL,-1,0.58,0.59
2026-01-04T15:48:16.602351Z,price_change,0.6,SELL,-4,0.58,0.59
2026-01-04T15:48:16.79196Z,price_change,0.54,BUY,500,0.58,0.59
2026-01-04T15:48:37.245048Z,price_change,0.6,SELL,-61,0.58,0.59
2026-01-04T15:48:37.245048Z,price_change,0.6,SELL,-39,0.58,0.59
2026-01-04T15:48:37.386596Z,price_change,0.6,SELL,61,0.58,0.59
2026-01-04T15:48:37.545101Z,price_change,0.6,SELL,-60,0.58,0.59
2026-01-04T15:49:15.567031Z,price_change,0.61,SELL,50,0.58,0.59
2026-01-04T15:49:21.824789Z,price_change,0.6,SELL,-40,0.58,0.59
2026-01-04T15:49:21.863134Z,price_change,0.6,SELL,-21,0.58,0.59
2026-01-04T15:49:21.86442Z,price_change,0.61,SELL,100,0.58,0.59
2026-01-04T15:49:23.612444Z,price_change,0.61,SELL,-50,0.58,0.59
2026-01-04T15:49:28.1522Z,price_change,0.61,SELL,50,0.58,0.59
2026-01-04T15:49:31.000083Z,price_change,0.54,BUY,-500,0.58,0.59
2026-01-04T15:49:51.857212Z,price_change,0.6,SELL,-200,0.58,0.59
2026-01-04T15:49:52.821602Z,price_change,0.6,SELL,247,0.58,0.59
2026-01-04T15:49:54.029634Z,price_change,0.6,SELL,-1,0.58,0.59
2026-01-04T15:49:58.640708Z,price_change,0.54,BUY,500,0.58,0.59
2026-01-04T15:49:58.648285Z,price_change,0.61,SELL,-50,0.58,0.59
2026-01-04T15:50:06.586818Z,price_change,0.6,SELL,-100,0.58,0.59
2026-01-04T15:50:16.30084Z,price_change,0.61,SELL,50,0.58,0.59
2026-01-04T15:50:21.540772Z,price_change,0.6,SELL,-8,0.58,0.59
2026-01-04T15:50:24.350809Z,price_change,0.6,SELL,-161,0.58,0.59
2026-01-04T15:50:29.796191Z,price_change,0.6,SELL,-5000,0.58,0.59
2026-01-04T15:50:59.702133Z,price_change,0.61,SELL,-50,0.58,0.59
2026-01-04T15:51:16.003234Z,price_change,0.54,BUY,-500,0.58,0.59
2026-01-04T15:51:22.165918Z,price_change,0.61,SELL,50,0.58,0.59
2026-01-04T15:51:56.624566Z,price_change,0.6,SELL,-1,0.58,0.59
2026-01-04T15:52:00.876892Z,price_change,0.61,SELL,-50,0.58,0.59
2026-01-04T15:52:11.062911Z,price_change,0.54,BUY,500,0.58,0.59
2026-01-04T15:52:13.078312Z,price_change,0.61,SELL,-108,0.58,0.59
2026-01-04T15:52:13.20425Z,price_change,0.6,SELL,-1500,0.58,0.59
2026-01-04T15:52:18.101362Z,price_change,0.61,SELL,108,0.58,0.59
2026-01-04T15:52:32.847677Z,price_change,0.61,SELL,50,0.58,0.59
2026-01-04T15:52:34.87919Z,price_change,0.6,SELL,-1,0.58,0.59
2026-01-04T15:52:34.96579Z,price_change,0.62,SELL,2133,0.58,0.59
2026-01-04T15:52:35.010518Z,price_change,0.61,SELL,-27,0.58,0.59
2026-01-04T15:52:42.16845Z,price_change,0.6,SELL,-40,0.58,0.59
2026-01-04T15:53:02.028626Z,price_change,0.6,SELL,-48,0.58,0.59
2026-01-04T15:53:13.794461Z,price_change,0.5900000000000001,SELL,120,0.58,0.59
2026-01-04T15:53:15.019508Z,price_change,0.61,SELL,-50,0.58,0.59
2026-01-04T15:53:28.14044Z,price_change,0.57,BUY,50,0.58,0.59
2026-01-04T15:53:38.79938Z,price_change,0.5900000000000001,SELL,-25,0.58,0.59
2026-01-04T15:53:59.473997Z,price_change,0.5900000000000001,SELL,-70,0.58,0.59
2026-01-04T15:54:02.865628Z,price_change,0.57,BUY,-50,0.58,0.59
2026-01-04T15:54:15.131632Z,price_change,0.5900000000000001,SELL,-5,0.58,0.59
2026-01-04T15:54:30.534159Z,price_change,0.5900000000000001,SELL,-15,0.58,0.59
2026-01-04T15:54:32.759941Z,price_change,0.61,SELL,-500,0.58,0.59
2026-01-04T15:54:32.853818Z,price_change,0.6,SELL,500,0.58,0.59
2026-01-04T15:54:46.576687Z,price_change,0.48,BUY,52,0.58,0.59
2026-01-04T15:54:46.670306Z,price_change,0.5900000000000001,SELL,-5,0.58,0.59
2026-01-04T15:54:47.28976Z,price_change,0.58,BUY,-13,0.58,0.59
2026-01-04T15:54:47.28976Z,price_change,0.58,BUY,-2,0.58,0.59
2026-01-04T15:54:57.537763Z,price_change,0.6,SELL,-2419,0.58,0.59
2026-01-04T15:55:11.002113Z,price_change,0.54,BUY,-500,0.58,0.59
2026-01-04T15:55:22.417121Z,price_change,0.6,SELL,-25,0.58,0.59
2026-01-04T15:55:26.538225Z,price_change,0.6,SELL,-32,0.58,0.59
2026-01-04T15:55:28.403025Z,price_change,0.61,SELL,50,0.58,0.59
2026-01-04T15:55:37.588493Z,price_change,0.6,SELL,-80,0.58,0.59
2026-01-04T15:55:39.059107Z,price_change,0.6,SELL,-135,0.58,0.59
2026-01-04T15:55:41.510084Z,price_change,0.61,SELL,-50,0.58,0.59
2026-01-04T15:55:50.706476Z,price_change,0.5900000000000001,SELL,2000,0.58,0.59
2026-01-04T15:55:53.795453Z,price_change,0.5900000000000001,SELL,-81,0.58,0.59
2026-01-04T15:55:53.877244Z,price_change,0.5900000000000001,SELL,81,0.58,0.59
2026-01-04T15:55:54.188342Z,price_change,0.57,BUY,50,0.58,0.59
2026-01-04T15:55:56.784482Z,price_change,0.5900000000000001,SELL,-16,0.58,0.59
2026-01-04T15:55:56.85784Z,price_change,0.5900000000000001,SELL,16,0.58,0.59
2026-01-04T15:56:10.250192Z,price_change,0.54,BUY,500,0.58,0.59
2026-01-04T15:56:19.084718Z,price_change,0.5900000000000001,SELL,-8,0.58,0.59
2026-01-04T15:56:19.134787Z,price_change,0.5900000000000001,SELL,8,0.58,0.59
2026-01-04T15:56:23.822381Z,price_change,0.5900000000000001,SELL,-1,0.58,0.59
2026-01-04T15:56:23.893939Z,price_change,0.5900000000000001,SELL,1,0.58,0.59
2026-01-04T15:56:24.242137Z,price_change,0.5900000000000001,SELL,-8,0.58,0.59
2026-01-04T15:56:24.312149Z,price_change,0.5900000000000001,SELL,8,0.58,0.59
2026-01-04T15:56:34.99299Z,price_change,0.5900000000000001,SELL,-81,0.58,0.59
2026-01-04T15:56:35.050484Z,price_change,0.5900000000000001,SELL,81,0.58,0.59
2026-01-04T15:56:35.067591Z,price_change,0.5900000000000001,SELL,-8,0.58,0.59
2026-01-04T15:56:35.154702Z,price_change,0.5900000000000001,SELL,8,0.58,0.59
2026-01-04T15:56:35.582281Z,price_change,0.5900000000000001,SELL,-264,0.58,0.59
2026-01-04T15:56:35.638961Z,price_change,0.5900000000000001,SELL,-336,0.58,0.59
2026-01-04T15:56:41.73769Z,price_change,0.57,BUY,-50,0.58,0.59
2026-01-04T15:57:02.278194Z,price_change,0.5900000000000001,SELL,-7,0.58,0.59
2026-01-04T15:57:02.344037Z,price_change,0.5900000000000001,SELL,7,0.58,0.59
2026-01-04T15:58:30.810093Z,price_change,0.57,BUY,50,0.58,0.59
2026-01-04T15:58:37.835174Z,price_change,0.5900000000000001,SELL,-50,0.58,0.59
2026-01-04T15:58:37.89704Z,price_change,0.5900000000000001,SELL,50,0.58,0.59
2026-01-04T15:58:38.333421Z,price_change,0.5900000000000001,SELL,-100,0.58,0.59
2026-01-04T15:58:38.423816Z,price_change,0.5900000000000001,SELL,100,0.58,0.59
2026-01-04T15:58:40.078397Z,price_change,0.5900000000000001,SELL,-40,0.58,0.59
2026-01-04T15:58:40.151545Z,price_change,0.5900000000000001,SELL,40,0.58,0.59
2026-01-04T15:58:43.182489Z,price_change,0.5900000000000001,SELL,-1,0.58,0.59
2026-01-04T15:58:43.250184Z,price_change,0.5900000000000001,SELL,1,0.58,0.59
2026-01-04T15:58:47.908057Z,price_change,0.57,BUY,-50,0.58,0.59
2026-01-04T15:58:54.408558Z,price_change,0.5900000000000001,SELL,-823,0.58,0.59
2026-01-04T15:58:54.465969Z,price_change,0.5900000000000001,SELL,-177,0.58,0.59
2026-01-04T15:58:55.189477Z,price_change,0.5900000000000001,SELL,-16,0.58,0.59
2026-01-04T15:58:55.263404Z,price_change,0.5900000000000001,SELL,16,0.58,0.59
2026-01-04T15:59:10.001235Z,price_change,0.54,BUY,-500,0.58,0.59
2026-01-04T15:59:40.735577Z,price_change,0.5900000000000001,SELL,-51,0.58,0.59
2026-01-04T15:59:40.774469Z,price_change,0.5900000000000001,SELL,200,0.58,0.59
2026-01-04T15:59:40.863312Z,price_change,0.5900000000000001,SELL,-149,0.58,0.59
2026-01-04T15:59:55.006891Z,price_change,0.5900000000000001,SELL,-163,0.58,0.59
2026-01-04T15:59:55.09378Z,price_change,0.5900000000000001,SELL,163,0.58,0.59
2026-01-04T15:59:58.0005Z,price_change,0.54,BUY,-500,0.58,0.59
2026-01-04T16:00:00.197682Z,price_change,0.61,SELL,-200,0.58,0.59
2026-01-04T16:00:06.113241Z,price_change,0.54,BUY,500,0.58,0.59
2026-01-04T16:00:12.456018Z,price_change,0.5900000000000001,SELL,-247,0.58,0.59
2026-01-04T16:00:12.512165Z,price_change,0.5900000000000001,SELL,47,0.58,0.59
2026-01-04T16:00:23.255872Z,price_change,0.54,BUY,500,0.58,0.59
2026-01-04T16:00:36.993673Z,price_change,0.5900000000000001,SELL,8,0.58,0.59
2026-01-04T16:01:01.874532Z,price_change,0.61,SELL,-81,0.58,0.59
2026-01-04T16:01:01.876085Z,price_change,0.61,SELL,-980,0.58,0.59
2026-01-04T16:01:02.070534Z,price_change,0.61,SELL,-310,0.58,0.59
2026-01-04T16:01:06.589584Z,price_change,0.5900000000000001,SELL,-90,0.58,0.59
2026-01-04T16:01:06.724322Z,price_change,0.5900000000000001,SELL,90,0.58,0.59
2026-01-04T16:01:34.816285Z,price_change,0.33,BUY,-161,0.58,0.59
2026-01-04T16:01:34.819085Z,price_change,0.31,BUY,-389,0.58,0.59
2026-01-04T16:01:34.820618Z,price_change,0.32,BUY,-524,0.58,0.59
2026-01-04T16:01:50.114829Z,price_change,0.6,SELL,10,0.58,0.59
2026-01-04T16:01:50.155629Z,price_change,0.62,SELL,-2133,0.58,0.59
2026-01-04T16:01:55.746785Z,price_change,0.62,SELL,2133,0.58,0.59
2026-01-04T16:01:55.790511Z,price_change,0.6,SELL,-10,0.58,0.59
2026-01-04T16:02:15.700092Z,price_change,0.5900000000000001,SELL,-8,0.58,0.59
2026-01-04T16:02:15.700092Z,price_change,0.5900000000000001,SELL,-3,0.58,0.59
2026-01-04T16:02:15.755014Z,price_change,0.5900000000000001,SELL,3,0.58,0.59
2026-01-04T16:02:23.042139Z,price_change,0.5900000000000001,SELL,-46,0.58,0.59
2026-01-04T16:02:23.110511Z,price_change,0.5900000000000001,SELL,46,0.58,0.59
2026-01-04T16:02:26.549689Z,price_change,0.5900000000000001,SELL,-200,0.58,0.59
2026-01-04T16:02:26.549689Z,price_change,0.6,SELL,-250,0.58,0.59
2026-01-04T16:02:26.549689Z,price_change,0.6,SELL,-127,0.58,0.59
2026-01-04T16:02:26.549689Z,price_change,0.6,SELL,-66,0.58,0.59
2026-01-04T16:02:26.549689Z,price_change,0.6,SELL,-34,0.58,0.59
2026-01-04T16:02:26.62515Z,price_change,0.5900000000000001,SELL,200,0.58,0.59
2026-01-04T16:02:26.845561Z,price_change,0.6,SELL,66,0.58,0.59
2026-01-04T16:02:44.868428Z,price_change,0.5900000000000001,SELL,-41,0.58,0.59
2026-01-04T16:02:44.96048Z,price_change,0.5900000000000001,SELL,41,0.58,0.59
2026-01-04T16:03:06.000729Z,price_change,0.54,BUY,-500,0.58,0.59
2026-01-04T16:03:33.34266Z,price_change,0.5900000000000001,SELL,-8,0.58,0.59
2026-01-04T16:03:33.395961Z,price_change,0.5900000000000001,SELL,8,0.58,0.59
2026-01-04T16:03:38.196186Z,price_change,0.5900000000000001,SELL,-18,0.58,0.59
2026-01-04T16:03:38.261017Z,price_change,0.5900000000000001,SELL,18,0.58,0.59
2026-01-04T16:03:41.112166Z,price_change,0.5900000000000001,SELL,-82,0.58,0.59
2026-01-04T16:03:41.179636Z,price_change,0.5900000000000001,SELL,82,0.58,0.59
2026-01-04T16:03:53.425758Z,price_change,0.54,BUY,500,0.58,0.59
2026-01-04T16:04:03.723114Z,price_change,0.5900000000000001,SELL,-200,0.58,0.59
2026-01-04T16:04:03.86629Z,price_change,0.58,BUY,-200,0.58,0.59
2026-01-04T16:04:03.897825Z,price_change,0.59,BUY,422,0.59,0.59
2026-01-04T16:04:08.874916Z,price_change,0.6,SELL,-238,0.59,0.59
2026-01-04T16:04:08.898511Z,price_change,0.61,SELL,50,0.59,0.59
2026-01-04T16:04:27.907377Z,price_change,0.6,SELL,-8,0.59,0.59
2026-01-04T16:04:31.529568Z,price_change,0.6,SELL,-25,0.59,0.59
2026-01-04T16:04:53.08945Z,price_change,0.61,SELL,-50,0.59,0.59
2026-01-04T16:04:59.441607Z,price_change,0.6,SELL,-10,0.59,0.59
2026-01-04T16:05:04.200369Z,price_change,0.6,SELL,12000,0.59,0.59
2026-01-04T16:05:08.887335Z,price_change,0.6,SELL,-1129,0.59,0.59
2026-01-04T16:05:14.141055Z,price_change,0.61,SELL,50,0.59,0.59
2026-01-04T16:05:15.005839Z,price_change,0.6,SELL,-8,0.59,0.59
2026-01-04T16:05:26.050658Z,price_change,0.6,SELL,-161,0.59,0.59
2026-01-04T16:05:38.208735Z,price_change,0.6,SELL,-13,0.59,0.59
2026-01-04T16:05:38.698111Z,price_change,0.6,SELL,-1,0.59,0.59
2026-01-04T16:05:56.520458Z,price_change,0.6,SELL,-100,0.59,0.59
2026-01-04T16:06:00.340387Z,price_change,0.6,SELL,-1,0.59,0.59
2026-01-04T16:06:06.374998Z,price_change,0.6,SELL,-10,0.59,0.59
2026-01-04T16:06:06.941087Z,price_change,0.6,SELL,-100,0.59,0.59
2026-01-04T16:06:08.663268Z,price_change,0.6,SELL,-967,0.59,0.59
2026-01-04T16:06:17.368124Z,price_change,0.6,SELL,-33,0.59,0.59
2026-01-04T16:06:23.73667Z,price_change,0.6,SELL,-4,0.59,0.59
2026-01-04T16:06:39.001052Z,price_change,0.56,BUY,-20,0.59,0.59
2026-01-04T16:06:39.001052Z,price_change,0.56,BUY,-20,0.59,0.59
2026-01-04T16:06:39.001052Z,price_change,0.62,SELL,-20,0.59,0.59
2026-01-04T16:06:39.001052Z,price_change,0.62,SELL,-20,0.59,0.59
2026-01-04T16:06:39.001052Z,price_change,0.62,SELL,-20,0.59,0.59
2026-01-04T16:06:39.001052Z,price_change,0.56,BUY,-20,0.59,0.59
2026-01-04T16:06:44.532038Z,price_change,0.62,SELL,49,0.59,0.59
2026-01-04T16:06:52.94714Z,price_change,0.61,SELL,-50,0.59,0.59
2026-01-04T16:06:53.00049Z,price_change,0.54,BUY,-500,0.59,0.59
2026-01-04T16:07:01.524041Z,price_change,0.54,BUY,-2000,0.59,0.59
2026-01-04T16:07:01.524041Z,price_change,0.55,BUY,2000,0.59,0.59
2026-01-04T16:07:06.756666Z,price_change,0.6,SELL,2000,0.59,0.59
2026-01-04T16:07:14.121945Z,price_change,0.61,SELL,50,0.59,0.59
2026-01-04T16:07:39.618021Z,price_change,0.6,SELL,-200,0.59,0.59
2026-01-04T16:07:44.361648Z,price_change,0.61,SELL,-50,0.59,0.59
2026-01-04T16:07:54.033796Z,price_change,0.54,BUY,500,0.59,0.59
2026-01-04T16:07:56.292068Z,price_change,0.6,SELL,-161,0.59,0.59
2026-01-04T16:08:18.538059Z,price_change,0.52,BUY,200,0.59,0.59
2026-01-04T16:08:29.955385Z,price_change,0.6,SELL,-100,0.59,0.59
2026-01-04T16:08:45.099661Z,price_change,0.61,SELL,50,0.59,0.59
2026-01-04T16:08:49.552238Z,price_change,0.6,SELL,-5,0.59,0.59
2026-01-04T16:08:58.266906Z,price_change,0.61,SELL,-50,0.59,0.59
2026-01-04T16:09:05.9547Z,price_change,0.6,SELL,-2,0.59,0.59
2026-01-04T16:09:15.840903Z,price_change,0.61,SELL,50,0.59,0.59
2026-01-04T16:09:19.222895Z,price_change,0.6,SELL,-24,0.59,0.59
2026-01-04T16:09:24.028382Z,price_change,0.6,SELL,-3,0.59,0.59
2026-01-04T16:09:37.214358Z,price_change,0.6,SELL,-139,0.59,0.59
2026-01-04T16:09:56.063088Z,price_change,0.61,SELL,-50,0.59,0.59
2026-01-04T16:10:11.818245Z,price_change,0.6,SELL,-2,0.59,0.59
2026-01-04T16:10:17.387838Z,price_change,0.6,SELL,-40,0.59,0.59
2026-01-04T16:10:20.906318Z,price_change,0.6,SELL,-22,0.59,0.59
2026-01-04T16:10:22.000847Z,price_change,0.54,BUY,-500,0.59,0.59
2026-01-04T16:10:48.542416Z,price_change,0.54,BUY,500,0.59,0.59
2026-01-04T16:10:53.000472Z,price_change,0.54,BUY,-500,0.59,0.59
2026-01-04T16:11:05.051712Z,price_change,0.61,SELL,50,0.59,0.59
2026-01-04T16:11:09.861597Z,price_change,0.6,SELL,-24,0.59,0.59
2026-01-04T16:11:12.670304Z,price_change,0.6,SELL,-5,0.59,0.59
2026-01-04T16:11:21.334603Z,price_change,0.6,SELL,-10,0.59,0.59
2026-01-04T16:11:22.600849Z,price_change,0.61,SELL,-50,0.59,0.59
2026-01-04T16:11:46.302213Z,price_change,0.6,SELL,-40,0.59,0.59
2026-01-04T16:11:50.559012Z,price_change,0.63,SELL,-5550,0.59,0.59
2026-01-04T16:11:50.712692Z,price_change,0.62,SELL,8000,0.59,0.59
2026-01-04T16:11:55.858124Z,price_change,0.54,BUY,500,0.59,0.59
2026-01-04T16:12:01.067252Z,price_change,0.61,SELL,50,0.59,0.59
2026-01-04T16:12:34.508484Z,price_change,0.48,BUY,-52,0.59,0.59
2026-01-04T16:12:36.61502Z,price_change,0.6,SELL,-15,0.59,0.59
2026-01-04T16:12:52.42382Z,price_change,0.6,SELL,-8,0.59,0.59
2026-01-04T16:12:55.986258Z,price_change,0.6,SELL,-1,0.59,0.59
2026-01-04T16:13:06.65204Z,price_change,0.59,BUY,-422,0.58,0.59
2026-01-04T16:13:06.65204Z,price_change,0.58,BUY,-255,0.58,0.59
2026-01-04T16:13:06.970715Z,price_change,0.6,SELL,-50,0.58,0.59
2026-01-04T16:13:10.51224Z,price_change,0.61,SELL,-50,0.58,0.59
2026-01-04T16:13:11.890586Z,price_change,0.58,BUY,50,0.58,0.59
2026-01-04T16:13:22.223032Z,price_change,0.6,SELL,-162,0.58,0.59
2026-01-04T16:14:02.164196Z,price_change,0.61,SELL,50,0.58,0.59
2026-01-04T16:14:06.577501Z,price_change,0.6,SELL,-5,0.58,0.59
2026-01-04T16:14:07.271998Z,price_change,0.6,SELL,-8,0.58,0.59
2026-01-04T16:14:19.603841Z,price_change,0.62,SELL,-463,0.58,0.59
2026-01-04T16:14:19.645156Z,price_change,0.62,SELL,-49,0.58,0.59
2026-01-04T16:14:19.829179Z,price_change,0.62,SELL,566,0.58,0.59
2026-01-04T16:14:36.872118Z,price_change,0.61,SELL,-50,0.58,0.59
2026-01-04T16:14:45.584594Z,price_change,0.61,SELL,50,0.58,0.59
2026-01-04T16:14:55.000141Z,price_change,0.54,BUY,-500,0.58,0.59
2026-01-04T16:15:20.914577Z,price_change,0.6,SELL,-66,0.58,0.59
2026-01-04T16:15:20.917051Z,price_change,0.55,BUY,-66,0.58,0.59
2026-01-04T16:15:24.795635Z,price_change,0.61,SELL,-100,0.58,0.59
2026-01-04T16:15:47.656632Z,price_change,0.6,SELL,-25,0.58,0.59
2026-01-04T16:15:51.936923Z,price_change,0.6,SELL,-16,0.58,0.59
2026-01-04T16:15:52.59094Z,price_change,0.6,SELL,-16,0.58,0.59
2026-01-04T16:15:54.313997Z,price_change,0.61,SELL,-50,0.58,0.59
2026-01-04T16:16:02.112197Z,price_change,0.54,BUY,500,0.58,0.59
2026-01-04T16:16:09.297635Z,price_change,0.63,SELL,66,0.58,0.59
2026-01-04T16:16:21.138211Z,price_change,0.6,SELL,66,0.58,0.59
2026-01-04T16:16:22.047042Z,price_change,0.63,SELL,-66,0.58,0.59
2026-01-04T16:16:22.625037Z,price_change,0.63,SELL,2753,0.58,0.59
2026-01-04T16:16:22.667727Z,price_change,0.61,SELL,-7,0.58,0.59
2026-01-04T16:16:22.668534Z,price_change,0.61,SELL,-110,0.58,0.59
2026-01-04T16:16:22.669253Z,price_change,0.61,SELL,-524,0.58,0.59
2026-01-04T16:16:22.67002Z,price_change,0.61,SELL,-108,0.58,0.59
2026-01-04T16:16:22.670871Z,price_change,0.61,SELL,-863,0.58,0.59
2026-01-04T16:16:23.129576Z,price_change,0.61,SELL,5,0.58,0.59
2026-01-04T16:16:23.178161Z,price_change,0.63,SELL,-2753,0.58,0.59
2026-01-04T16:16:23.910366Z,price_change,0.61,SELL,108,0.58,0.59
2026-01-04T16:16:25.307833Z,price_change,0.61,SELL,50,0.58,0.59
2026-01-04T16:16:27.884385Z,price_change,0.6,SELL,-140,0.58,0.59
2026-01-04T16:16:34.707115Z,price_change,0.61,SELL,-50,0.58,0.59
2026-01-04T16:16:50.220739Z,price_change,0.55,BUY,66,0.58,0.59
2026-01-04T16:17:21.59259Z,price_change,0.61,SELL,50,0.58,0.59
2026-01-04T16:17:24.851059Z,price_change,0.6,SELL,-8,0.58,0.59
2026-01-04T16:17:45.078647Z,price_change,0.61,SELL,67,0.58,0.59
2026-01-04T16:17:45.07988Z,price_change,0.56,BUY,67,0.58,0.59
2026-01-04T16:17:45.08509Z,price_change,0.6,SELL,-66,0.58,0.59
2026-01-04T16:17:45.141279Z,price_change,0.61,SELL,-5,0.58,0.59
2026-01-04T16:17:45.142697Z,price_change,0.61,SELL,-108,0.58,0.59
2026-01-04T16:17:45.188466Z,price_change,0.63,SELL,2753,0.58,0.59
2026-01-04T16:17:45.407053Z,price_change,0.55,BUY,-66,0.58,0.59
2026-01-04T16:17:45.468291Z,price_change,0.62,SELL,-566,0.58,0.59
2026-01-04T16:17:45.513812Z,price_change,0.62,SELL,-435,0.58,0.59
2026-01-04T16:17:45.610514Z,price_change,0.62,SELL,110,0.58,0.59
2026-01-04T16:17:45.666868Z,price_change,0.63,SELL,1006,0.58,0.59
2026-01-04T16:17:45.670572Z,price_change,0.55,BUY,-548,0.58,0.59
2026-01-04T16:17:45.676109Z,price_change,0.58,BUY,901,0.58,0.59
2026-01-04T16:17:46.856119Z,price_change,0.6,SELL,-2000,0.58,0.59
2026-01-04T16:17:46.856119Z,price_change,0.62,SELL,2000,0.58,0.59
2026-01-04T16:17:46.93379Z,price_change,0.55,BUY,-2000,0.58,0.59
2026-01-04T16:17:46.93379Z,price_change,0.57,BUY,2000,0.58,0.59
2026-01-04T16:17:47.050153Z,price_change,0.61,SELL,-640,0.58,0.59
2026-01-04T16:17:47.114673Z,price_change,0.62,SELL,-485,0.58,0.59
2026-01-04T16:17:47.1575Z,price_change,0.62,SELL,-110,0.58,0.59
2026-01-04T16:17:47.456019Z,price_change,0.55,BUY,-96,0.58,0.59
2026-01-04T16:17:47.617164Z,price_change,0.58,BUY,177,0.58,0.59
2026-01-04T16:17:47.619631Z,price_change,0.63,SELL,196,0.58,0.59
2026-01-04T16:17:48.902701Z,price_change,0.61,SELL,-67,0.58,0.59
2026-01-04T16:17:51.18977Z,price_change,0.6,SELL,-500,0.58,0.59
2026-01-04T16:17:51.279268Z,price_change,0.56,BUY,-500,0.58,0.59
2026-01-04T16:17:51.387018Z,price_change,0.55,BUY,500,0.58,0.59
2026-01-04T16:17:51.499178Z,price_change,0.61,SELL,500,0.58,0.59
2026-01-04T16:17:53.111046Z,price_change,0.62,SELL,66,0.58,0.59
2026-01-04T16:17:54.240673Z,price_change,0.6,SELL,-9,0.58,0.59
2026-01-04T16:17:58.463548Z,price_change,0.62,SELL,1825,0.58,0.59
2026-01-04T16:17:58.464709Z,price_change,0.63,SELL,2500,0.58,0.59
2026-01-04T16:17:58.824528Z,price_change,0.55,BUY,-5682,0.58,0.59
2026-01-04T16:17:58.831027Z,price_change,0.56,BUY,5580,0.58,0.59
2026-01-04T16:17:59.565965Z,price_change,0.62,SELL,-66,0.58,0.59
2026-01-04T16:17:59.569551Z,price_change,0.56,BUY,-67,0.58,0.59
2026-01-04T16:18:00.724316Z,price_change,0.52,BUY,-125,0.58,0.59
2026-01-04T16:18:00.996883Z,price_change,0.62,SELL,-109,0.58,0.59
2026-01-04T16:18:02.268992Z,price_change,0.53,BUY,125,0.58,0.59
2026-01-04T16:18:04.252347Z,price_change,0.63,SELL,-980,0.58,0.59
2026-01-04T16:18:04.917536Z,price_change,0.63,SELL,980,0.58,0.59
2026-01-04T16:18:09.89486Z,price_change,0.63,SELL,-122,0.58,0.59
2026-01-04T16:18:11.623201Z,price_change,0.6,SELL,-200,0.58,0.59
2026-01-04T16:18:14.247019Z,price_change,0.6,SELL,-1,0.58,0.59
2026-01-04T16:18:22.443616Z,price_change,0.61,SELL,-50,0.58,0.59
2026-01-04T16:18:31.142662Z,price_change,0.63,SELL,98,0.58,0.59
2026-01-04T16:18:35.828653Z,price_change,0.6,SELL,-250,0.58,0.59
2026-01-04T16:18:41.134908Z,price_change,0.62,SELL,66,0.58,0.59
2026-01-04T16:18:56.89423Z,price_change,0.6,SELL,-8,0.58,0.59
2026-01-04T16:19:01.00194Z,price_change,0.54,BUY,-500,0.58,0.59
2026-01-04T16:19:04.346056Z,price_change,0.63,SELL,-98,0.58,0.59
2026-01-04T16:19:04.347506Z,price_change,0.63,SELL,-858,0.58,0.59
2026-01-04T16:19:06.142376Z,price_change,0.63,SELL,956,0.58,0.59
2026-01-04T16:19:06.851489Z,price_change,0.62,SELL,-66,0.58,0.59
2026-01-04T16:19:10.783112Z,price_change,0.56,BUY,20,0.58,0.59
2026-01-04T16:19:10.784626Z,price_change,0.62,SELL,20,0.58,0.59
2026-01-04T16:19:10.785395Z,price_change,0.56,BUY,20,0.58,0.59
2026-01-04T16:19:10.785956Z,price_change,0.56,BUY,20,0.58,0.59
2026-01-04T16:19:10.786334Z,price_change,0.62,SELL,20,0.58,0.59
2026-01-04T16:19:10.787457Z,price_change,0.62,SELL,20,0.58,0.59
2026-01-04T16:19:37.854308Z,price_change,0.62,SELL,107,0.58,0.59
2026-01-04T16:19:38.494286Z,price_change,0.62,SELL,66,0.58,0.59
2026-01-04T16:19:46.268802Z,price_change,0.6,SELL,-7,0.58,0.59
2026-01-04T16:19:50.797095Z,price_change,0.6,SELL,-32,0.58,0.59
2026-01-04T16:19:52.748411Z,price_change,0.61,SELL,50,0.58,0.59
2026-01-04T16:20:00.234569Z,price_change,0.6,SELL,-55,0.58,0.59
2026-01-04T16:20:01.053344Z,price_change,0.54,BUY,500,0.58,0.59
2026-01-04T16:20:01.450287Z,price_change,0.6,SELL,-47,0.58,0.59
2026-01-04T16:20:06.140277Z,price_change,0.63,SELL,-956,0.58,0.59
2026-01-04T16:20:07.394954Z,price_change,0.6,SELL,-80,0.58,0.59
2026-01-04T16:20:07.443508Z,price_change,0.63,SELL,956,0.58,0.59
2026-01-04T16:20:17.009396Z,price_change,0.56,BUY,66,0.58,0.59
2026-01-04T16:20:27.533121Z,price_change,0.6,SELL,-105,0.58,0.59
2026-01-04T16:20:37.559322Z,price_change,0.6,SELL,-1020,0.58,0.59
2026-01-04T16:20:38.10884Z,price_change,0.6,SELL,-80,0.58,0.59
2026-01-04T16:20:38.10884Z,price_change,0.6,SELL,-20,0.58,0.59
2026-01-04T16:20:44.353872Z,price_change,0.61,SELL,-50,0.58,0.59
2026-01-04T16:20:48.000279Z,price_change,0.54,BUY,-500,0.58,0.59
2026-01-04T16:20:51.027819Z,price_change,0.6,SELL,-24980,0.58,0.59
2026-01-04T16:20:51.027819Z,price_change,0.61,SELL,24980,0.58,0.59
2026-01-04T16:20:51.172993Z,price_change,0.62,SELL,-66,0.58,0.59
2026-01-04T16:20:52.500818Z,price_change,0.6,SELL,-1,0.58,0.59
2026-01-04T16:20:57.089747Z,price_change,0.6,SELL,-99,0.58,0.59
2026-01-04T16:20:57.089747Z,price_change,0.6,SELL,-711,0.58,0.59
2026-01-04T16:20:59.632477Z,price_change,0.6,SELL,100,0.58,0.59
2026-01-04T16:21:06.139907Z,price_change,0.55,BUY,3,0.58,0.59
2026-01-04T16:21:06.735314Z,price_change,0.61,SELL,50,0.58,0.59
2026-01-04T16:21:07.190901Z,price_change,0.63,SELL,-956,0.58,0.59
2026-01-04T16:21:08.759514Z,price_change,0.63,SELL,956,0.58,0.59
2026-01-04T16:21:09.722859Z,price_change,0.6,SELL,10000,0.58,0.59
2026-01-04T16:21:09.848306Z,price_change,0.61,SELL,-24980,0.58,0.59
2026-01-04T16:21:09.848306Z,price_change,0.6,SELL,24980,0.58,0.59
2026-01-04T16:21:11.129642Z,price_change,0.6,SELL,-12000,0.58,0.59
2026-01-04T16:21:11.129642Z,price_change,0.61,SELL,12000,0.58,0.59
2026-01-04T16:21:14.28399Z,price_change,0.54,BUY,500,0.58,0.59
2026-01-04T16:21:15.65242Z,price_change,0.62,SELL,66,0.58,0.59
2026-01-04T16:21:24.280692Z,price_change,0.6,SELL,-217,0.58,0.59
2026-01-04T16:21:27.354417Z,price_change,0.61,SELL,-130,0.58,0.59
2026-01-04T16:21:29.228504Z,price_change,0.55,BUY,-500,0.58,0.59
2026-01-04T16:21:29.336879Z,price_change,0.61,SELL,-500,0.58,0.59
2026-01-04T16:21:29.451807Z,price_change,0.56,BUY,500,0.58,0.59
2026-01-04T16:21:29.560316Z,price_change,0.62,SELL,500,0.58,0.59
2026-01-04T16:21:30.229212Z,price_change,0.64,SELL,730,0.58,0.59
2026-01-04T16:21:30.230128Z,price_change,0.59,BUY,887,0.59,0.59
2026-01-04T16:21:30.576398Z,price_change,0.57,BUY,66,0.59,0.59
2026-01-04T16:21:31.142868Z,price_change,0.56,BUY,-66,0.59,0.59
2026-01-04T16:21:32.754493Z,price_change,0.61,SELL,-50,0.59,0.59
2026-01-04T16:21:34.392049Z,price_change,0.6,SELL,-32,0.59,0.59
2026-01-04T16:21:34.729474Z,price_change,0.62,SELL,-430,0.59,0.59
2026-01-04T16:21:34.812246Z,price_change,0.63,SELL,-565,0.59,0.59
2026-01-04T16:21:36.299118Z,price_change,0.63,SELL,-99,0.59,0.59
2026-01-04T16:21:36.333093Z,price_change,0.56,BUY,-544,0.59,0.59
2026-01-04T16:21:36.349888Z,price_change,0.63,SELL,-391,0.59,0.59
2026-01-04T16:21:36.364414Z,price_change,0.63,SELL,67,0.59,0.59
2026-01-04T16:21:36.370188Z,price_change,0.62,SELL,-66,0.59,0.59
2026-01-04T16:21:36.399044Z,price_change,0.59,BUY,-887,0.58,0.59
2026-01-04T16:21:36.45165Z,price_change,0.62,SELL,-25,0.58,0.59
2026-01-04T16:21:36.498286Z,price_change,0.62,SELL,-107,0.58,0.59
2026-01-04T16:21:36.508432Z,price_change,0.65,SELL,778,0.58,0.59
2026-01-04T16:21:36.524835Z,price_change,0.59,BUY,193,0.59,0.59
2026-01-04T16:21:36.542861Z,price_change,0.63,SELL,-490,0.59,0.59
2026-01-04T16:21:36.67168Z,price_change,0.62,SELL,-85,0.59,0.59
2026-01-04T16:21:36.68824Z,price_change,0.64,SELL,148,0.59,0.59
2026-01-04T16:21:36.820018Z,price_change,0.62,SELL,-2000,0.59,0.59
2026-01-04T16:21:36.820018Z,price_change,0.64,SELL,2000,0.59,0.59
2026-01-04T16:21:36.937295Z,price_change,0.57,BUY,-2000,0.59,0.59
2026-01-04T16:21:36.937295Z,price_change,0.59,BUY,2000,0.59,0.59
2026-01-04T16:21:37.124472Z,price_change,0.63,SELL,-204,0.59,0.59
2026-01-04T16:21:37.515706Z,price_change,0.56,BUY,-100,0.59,0.59
2026-01-04T16:21:37.599463Z,price_change,0.63,SELL,-1006,0.59,0.59
2026-01-04T16:21:37.603458Z,price_change,0.59,BUY,908,0.59,0.59
2026-01-04T16:21:37.609428Z,price_change,0.65,SELL,143,0.59,0.59
2026-01-04T16:21:39.776277Z,price_change,0.58,BUY,67,0.59,0.59
2026-01-04T16:21:40.53946Z,price_change,0.57,BUY,-66,0.59,0.59
2026-01-04T16:21:41.297645Z,price_change,0.58,BUY,8000,0.59,0.59
2026-01-04T16:21:41.298491Z,price_change,0.63,SELL,8000,0.59,0.59
2026-01-04T16:21:41.299998Z,price_change,0.62,SELL,-8000,0.59,0.59
2026-01-04T16:21:41.302112Z,price_change,0.57,BUY,-5550,0.59,0.59
2026-01-04T16:21:43.217583Z,price_change,0.62,SELL,-1691,0.59,0.59
2026-01-04T16:21:43.218676Z,price_change,0.63,SELL,-727,0.59,0.59
2026-01-04T16:21:43.28006Z,price_change,0.6,SELL,-6852,0.59,0.59
2026-01-04T16:21:43.308445Z,price_change,0.62,SELL,-135,0.59,0.59
2026-01-04T16:21:43.355242Z,price_change,0.63,SELL,-1773,0.59,0.59
2026-01-04T16:21:43.452374Z,price_change,0.56,BUY,-5580,0.59,0.59
2026-01-04T16:21:43.457299Z,price_change,0.58,BUY,5388,0.59,0.59
2026-01-04T16:21:44.410969Z,price_change,0.6,SELL,-56,0.59,0.59
2026-01-04T16:21:44.585837Z,price_change,0.56,BUY,3,0.59,0.59
2026-01-04T16:21:44.599968Z,price_change,0.63,SELL,109,0.59,0.59
2026-01-04T16:21:50.386516Z,price_change,0.6,SELL,-12,0.59,0.59
2026-01-04T16:21:52.130082Z,price_change,0.56,BUY,-500,0.59,0.59
2026-01-04T16:21:52.242967Z,price_change,0.62,SELL,-500,0.59,0.59
2026-01-04T16:21:52.355268Z,price_change,0.57,BUY,500,0.59,0.59
2026-01-04T16:21:52.461913Z,price_change,0.63,SELL,500,0.59,0.59
2026-01-04T16:21:58.476184Z,price_change,0.53,BUY,-125,0.59,0.59
2026-01-04T16:21:58.716449Z,price_change,0.6,SELL,-24980,0.59,0.59
2026-01-04T16:21:58.716449Z,price_change,0.61,SELL,24980,0.59,0.59
2026-01-04T16:21:58.749943Z,price_change,0.65,SELL,229,0.59,0.59
2026-01-04T16:21:59.525317Z,price_change,0.63,SELL,-109,0.59,0.59
2026-01-04T16:21:59.811279Z,price_change,0.55,BUY,125,0.59,0.59
2026-01-04T16:22:01.370706Z,price_change,0.55,BUY,-3,0.59,0.59
2026-01-04T16:22:07.585119Z,price_change,0.6,SELL,-179,0.59,0.59
2026-01-04T16:22:07.585119Z,price_change,0.6,SELL,-79,0.59,0.59
2026-01-04T16:22:07.616303Z,price_change,0.65,SELL,-229,0.59,0.59
2026-01-04T16:22:08.150474Z,price_change,0.63,SELL,-980,0.59,0.59
2026-01-04T16:22:08.218673Z,price_change,0.64,SELL,4101,0.59,0.59
2026-01-04T16:22:09.689277Z,price_change,0.6,SELL,79,0.59,0.59
2026-01-04T16:22:10.08269Z,price_change,0.64,SELL,980,0.59,0.59
2026-01-04T16:22:13.588303Z,price_change,0.64,SELL,-109,0.59,0.59
2026-01-04T16:22:13.837805Z,price_change,0.64,SELL,-123,0.59,0.59
2026-01-04T16:22:16.057089Z,price_change,0.6,SELL,-1,0.59,0.59
2026-01-04T16:22:16.271595Z,price_change,0.64,SELL,109,0.59,0.59
2026-01-04T16:22:17.186268Z,price_change,0.6,SELL,-20,0.59,0.59
2026-01-04T16:22:17.186268Z,price_change,0.6,SELL,-12,0.59,0.59
2026-01-04T16:22:19.766598Z,price_change,0.6,SELL,21,0.59,0.59
2026-01-04T16:22:22.602552Z,price_change,0.63,SELL,-8000,0.59,0.59
2026-01-04T16:22:22.765414Z,price_change,0.64,SELL,8000,0.59,0.59
2026-01-04T16:22:30.002185Z,price_change,0.6,SELL,21,0.59,0.59
2026-01-04T16:22:30.03673Z,price_change,0.6,SELL,-21,0.59,0.59
2026-01-04T16:22:32.799918Z,price_change,0.64,SELL,-109,0.59,0.59
2026-01-04T16:22:33.722427Z,price_change,0.6,SELL,-50,0.59,0.59
2026-01-04T16:22:35.268846Z,price_change,0.6,SELL,-126,0.59,0.59
2026-01-04T16:22:37.730704Z,price_change,0.64,SELL,109,0.59,0.59
2026-01-04T16:22:38.621719Z,price_change,0.56,BUY,3,0.59,0.59
2026-01-04T16:22:39.864514Z,price_change,0.6,SELL,21,0.59,0.59
2026-01-04T16:22:39.90014Z,price_change,0.6,SELL,-21,0.59,0.59
2026-01-04T16:22:47.503974Z,price_change,0.59,BUY,8000,0.59,0.59
2026-01-04T16:22:47.513061Z,price_change,0.58,BUY,-8000,0.59,0.59
2026-01-04T16:22:50.05347Z,price_change,0.6,SELL,21,0.59,0.59
2026-01-04T16:22:50.081898Z,price_change,0.6,SELL,-21,0.59,0.59
2026-01-04T16:22:50.398246Z,price_change,0.64,SELL,-884,0.59,0.59
2026-01-04T16:22:50.437663Z,price_change,0.64,SELL,-109,0.59,0.59
2026-01-04T16:22:50.438433Z,price_change,0.64,SELL,-748,0.59,0.59
2026-01-04T16:22:51.34733Z,price_change,0.64,SELL,-980,0.59,0.59
2026-01-04T16:22:54.607709Z,price_change,0.6,SELL,-30,0.59,0.59
2026-01-04T16:22:55.482044Z,price_change,0.56,BUY,-3,0.59,0.59
2026-01-04T16:22:59.179828Z,price_change,0.58,BUY,50,0.59,0.59
2026-01-04T16:22:59.677887Z,price_change,0.6,SELL,21,0.59,0.59
2026-01-04T16:22:59.701909Z,price_change,0.6,SELL,-21,0.59,0.59
2026-01-04T16:23:00.003815Z,price_change,0.54,BUY,-500,0.59,0.59
2026-01-04T16:23:01.98266Z,price_change,0.6,SELL,-80,0.59,0.59
2026-01-04T16:23:09.433841Z,price_change,0.6,SELL,21,0.59,0.59
2026-01-04T16:23:09.441808Z,price_change,0.6,SELL,-21,0.59,0.59
2026-01-04T16:23:19.596663Z,price_change,0.6,SELL,21,0.59,0.59
2026-01-04T16:23:19.641619Z,price_change,0.6,SELL,-21,0.59,0.59
2026-01-04T16:23:22.542744Z,price_change,0.6,SELL,-9702,0.59,0.59
2026-01-04T16:23:22.701937Z,price_change,0.6,SELL,-79,0.59,0.59
2026-01-04T16:23:22.701937Z,price_change,0.61,SELL,100,0.59,0.59
2026-01-04T16:23:22.735893Z,price_change,0.6,SELL,-21,0.59,0.59
2026-01-04T16:23:24.009012Z,price_change,0.62,SELL,100,0.59,0.59
2026-01-04T16:23:24.009195Z,price_change,0.61,SELL,-100,0.59,0.59
2026-01-04T16:23:30.068535Z,price_change,0.58,BUY,-50,0.59,0.59
2026-01-04T16:23:30.069046Z,price_change,0.62,SELL,50,0.59,0.59
2026-01-04T16:23:32.792341Z,price_change,0.56,BUY,3,0.59,0.59
2026-01-04T16:23:33.49278Z,price_change,0.61,SELL,-12000,0.59,0.59
2026-01-04T16:23:33.49278Z,price_change,0.62,SELL,12000,0.59,0.59
2026-01-04T16:23:37.487834Z,price_change,0.61,SELL,-47,0.59,0.59
2026-01-04T16:23:38.746643Z,price_change,0.61,SELL,-2422,0.59,0.59
2026-01-04T16:23:38.951425Z,price_change,0.61,SELL,-1,0.59,0.59
2026-01-04T16:23:42.119018Z,price_change,0.6,BUY,643,0.6,0.59
2026-01-04T16:23:42.125075Z,price_change,0.6,BUY,132,0.6,0.59
2026-01-04T16:23:44.054661Z,price_change,0.62,SELL,-615,0.6,0.59
2026-01-04T16:23:44.094445Z,price_change,0.65,SELL,6910,0.6,0.59
2026-01-04T16:23:44.135581Z,price_change,0.64,SELL,-182,0.6,0.59
2026-01-04T16:23:44.178544Z,price_change,0.64,SELL,139,0.6,0.59
2026-01-04T16:23:44.365845Z,price_change,0.64,SELL,179,0.6,0.59
2026-01-04T16:23:49.083267Z,price_change,0.61,SELL,-12,0.6,0.59
2026-01-04T16:23:49.636315Z,price_change,0.56,BUY,-3,0.6,0.59
2026-01-04T16:24:05.373035Z,price_change,0.56,BUY,500,0.6,0.59
2026-01-04T16:24:09.680562Z,price_change,0.61,SELL,-24980,0.6,0.59
2026-01-04T16:24:09.680562Z,price_change,0.62,SELL,24980,0.6,0.59
2026-01-04T16:24:09.7026Z,price_change,0.65,SELL,229,0.6,0.59
2026-01-04T16:24:18.106921Z,price_change,0.61,SELL,-7518,0.6,0.59
2026-01-04T16:24:18.132953Z,price_change,0.65,SELL,-229,0.6,0.59
2026-01-04T16:24:18.324705Z,price_change,0.61,SELL,-100,0.6,0.59
2026-01-04T16:24:18.324705Z,price_change,0.62,SELL,100,0.6,0.59
2026-01-04T16:24:21.443335Z,price_change,0.62,SELL,-50,0.6,0.59
2026-01-04T16:24:21.443335Z,price_change,0.63,SELL,50,0.6,0.59
2026-01-04T16:24:26.649913Z,price_change,0.56,BUY,3,0.6,0.59
2026-01-04T16:24:29.808166Z,price_change,0.62,SELL,10000,0.6,0.59
2026-01-04T16:24:33.46004Z,price_change,0.62,SELL,-7,0.6,0.59
2026-01-04T16:24:36.415206Z,price_change,0.63,SELL,10000,0.6,0.59
2026-01-04T16:24:43.681527Z,price_change,0.56,BUY,-3,0.6,0.59
2026-01-04T16:24:44.386023Z,price_change,0.6,BUY,50,0.6,0.59
2026-01-04T16:24:53.886384Z,price_change,0.62,SELL,-10,0.6,0.59
2026-01-04T16:25:06.071726Z,price_change,0.6,BUY,50,0.6,0.59
2026-01-04T16:25:20.409097Z,price_change,0.56,BUY,3,0.6,0.59
2026-01-04T16:25:21.775946Z,price_change,0.62,SELL,-3,0.6,0.59
2026-01-04T16:25:21.775946Z,price_change,0.62,SELL,-20,0.6,0.59
2026-01-04T16:25:21.775946Z,price_change,0.62,SELL,-20,0.6,0.59
2026-01-04T16:25:21.775946Z,price_change,0.62,SELL,-100,0.6,0.59
2026-01-04T16:25:21.775946Z,price_change,0.62,SELL,-110,0.6,0.59
2026-01-04T16:25:21.815522Z,price_change,0.62,SELL,100,0.6,0.59
2026-01-04T16:25:24.522937Z,price_change,0.6,BUY,-132,0.6,0.59
2026-01-04T16:25:37.421339Z,price_change,0.56,BUY,-3,0.6,0.59
2026-01-04T16:25:46.607173Z,price_change,0.6,BUY,15,0.6,0.59
2026-01-04T16:25:47.380814Z,price_change,0.62,SELL,-15,0.6,0.59
2026-01-04T16:25:53.408236Z,price_change,0.51,BUY,300,0.6,0.59
2026-01-04T16:26:01.190169Z,price_change,0.62,SELL,-30,0.6,0.59
2026-01-04T16:26:06.9903Z,price_change,0.62,SELL,-17,0.6,0.59
2026-01-04T16:26:13.922315Z,price_change,0.56,BUY,3,0.6,0.59
2026-01-04T16:26:15.051458Z,price_change,0.62,SELL,-1,0.6,0.59
2026-01-04T16:26:15.363556Z,price_change,0.64,SELL,-179,0.6,0.59
2026-01-04T16:26:15.364625Z,price_change,0.64,SELL,-139,0.6,0.59
2026-01-04T16:26:15.416499Z,price_change,0.65,SELL,98,0.6,0.59
2026-01-04T16:26:30.865728Z,price_change,0.63,SELL,-50,0.6,0.59
2026-01-04T16:26:30.883919Z,price_change,0.59,BUY,50,0.6,0.59
2026-01-04T16:26:35.196327Z,price_change,0.59,BUY,-50,0.6,0.59
2026-01-04T16:26:35.207524Z,price_change,0.63,SELL,50,0.6,0.59
2026-01-04T16:26:51.31726Z,price_change,0.58,BUY,6800,0.6,0.59
2026-01-04T16:26:51.744879Z,price_change,0.56,BUY,3,0.6,0.59
2026-01-04T16:26:54.58142Z,price_change,0.64,SELL,907,0.6,0.59
2026-01-04T16:26:55.699193Z,price_change,0.62,SELL,-457,0.6,0.59
2026-01-04T16:26:59.795054Z,price_change,0.62,SELL,-1015,0.6,0.59
2026-01-04T16:27:04.2185Z,price_change,0.63,SELL,1045,0.6,0.59
2026-01-04T16:27:05.000119Z,price_change,0.56,BUY,-500,0.6,0.59
2026-01-04T16:27:07.088111Z,price_change,0.62,SELL,-1000,0.6,0.59
2026-01-04T16:27:08.008Z,price_change,0.65,SELL,-98,0.6,0.59
2026-01-04T16:27:08.311741Z,price_change,0.65,SELL,98,0.6,0.59
2026-01-04T16:27:08.622169Z,price_change,0.56,BUY,-3,0.6,0.59
2026-01-04T16:27:11.09844Z,price_change,0.62,SELL,-47,0.6,0.59
2026-01-04T16:27:12.229513Z,price_change,0.62,SELL,-62,0.6,0.59
2026-01-04T16:27:28.005721Z,price_change,0.62,SELL,-200,0.6,0.59
2026-01-04T16:27:34.490633Z,price_change,0.62,SELL,-81,0.6,0.59
2026-01-04T16:27:34.738353Z,price_change,0.6,BUY,-643,0.6,0.59
2026-01-04T16:27:34.740627Z,price_change,0.62,SELL,699,0.6,0.59
2026-01-04T16:27:34.82919Z,price_change,0.65,SELL,-6910,0.6,0.59
2026-01-04T16:27:34.830708Z,price_change,0.65,SELL,-98,0.6,0.59
2026-01-04T16:27:34.874396Z,price_change,0.63,SELL,861,0.6,0.59
2026-01-04T16:27:34.878369Z,price_change,0.64,SELL,114,0.6,0.59
2026-01-04T16:27:34.945724Z,price_change,0.64,SELL,-79,0.6,0.59
2026-01-04T16:27:35.339192Z,price_change,0.62,SELL,-15,0.6,0.59
2026-01-04T16:27:35.844909Z,price_change,0.64,SELL,79,0.6,0.59
2026-01-04T16:27:37.025841Z,price_change,0.59,BUY,50,0.6,0.59
2026-01-04T16:27:37.02649Z,price_change,0.63,SELL,-50,0.6,0.59
2026-01-04T16:27:45.478736Z,price_change,0.56,BUY,3,0.6,0.59
2026-01-04T16:27:49.115354Z,price_change,0.59,BUY,-50,0.6,0.59
2026-01-04T16:27:49.126436Z,price_change,0.63,SELL,50,0.6,0.59
2026-01-04T16:28:01.451405Z,price_change,0.56,BUY,500,0.6,0.59
2026-01-04T16:28:01.970315Z,price_change,0.62,SELL,140,0.6,0.59
2026-01-04T16:28:06.158776Z,price_change,0.62,SELL,-200,0.6,0.59
2026-01-04T16:28:24.010266Z,price_change,0.56,BUY,3,0.6,0.59
2026-01-04T16:28:25.507813Z,price_change,0.62,SELL,-1,0.6,0.59
2026-01-04T16:28:26.840042Z,price_change,0.62,SELL,-437,0.6,0.59
2026-01-04T16:28:27.500264Z,price_change,0.6,BUY,-50,0.6,0.59
2026-01-04T16:28:27.500264Z,price_change,0.6,BUY,-31,0.6,0.59
2026-01-04T16:28:32.789683Z,price_change,0.59,BUY,247,0.6,0.59
2026-01-04T16:28:33.817817Z,price_change,0.62,SELL,-19,0.6,0.59
2026-01-04T16:28:41.059743Z,price_change,0.56,BUY,-3,0.6,0.59
,book,0.6000,BUY,34,0.6000,0.62
,book,0.62,SELL,44234,0.6000,0.62
2026-01-04T16:29:07.292923Z,price_change,0.64,SELL,-98,0.6,0.62
2026-01-04T16:29:11.488186Z,price_change,0.62,SELL,-20,0.6,0.62
2026-01-04T16:29:16.271216Z,price_change,0.62,SELL,-461,0.6,0.62
2026-01-04T16:29:17.883282Z,price_change,0.56,BUY,3,0.6,0.62
2026-01-04T16:29:34.882111Z,price_change,0.56,BUY,-3,0.6,0.62
2026-01-04T16:29:51.480443Z,price_change,0.63,SELL,-50,0.6,0.62
2026-01-04T16:29:51.499461Z,price_change,0.59,BUY,50,0.6,0.62
2026-01-04T16:30:10.513302Z,price_change,0.56,BUY,3,0.6,0.62
2026-01-04T16:30:14.789463Z,price_change,0.62,SELL,-312,0.6,0.62
2026-01-04T16:30:15.138464Z,price_change,0.6,BUY,-1,0.6,0.62
2026-01-04T16:30:17.497957Z,price_change,0.63,SELL,50,0.6,0.62
2026-01-04T16:30:17.502102Z,price_change,0.59,BUY,-50,0.6,0.62
2026-01-04T16:30:27.812059Z,price_change,0.62,SELL,-7,0.6,0.62
2026-01-04T16:30:45.905539Z,price_change,0.57,BUY,-500,0.6,0.62
2026-01-04T16:30:46.016887Z,price_change,0.63,SELL,-500,0.6,0.62
2026-01-04T16:30:46.126812Z,price_change,0.59,BUY,500,0.6,0.62
2026-01-04T16:30:46.238008Z,price_change,0.64,SELL,500,0.6,0.62
2026-01-04T16:30:48.060393Z,price_change,0.56,BUY,3,0.6,0.62
2026-01-04T16:30:53.199589Z,price_change,0.63,SELL,12703,0.6,0.62
2026-01-04T16:31:00.262083Z,price_change,0.61,BUY,53,0.61,0.62
2026-01-04T16:31:00.279192Z,price_change,0.59,BUY,547,0.61,0.62
2026-01-04T16:31:01.000515Z,price_change,0.56,BUY,-500,0.61,0.62
2026-01-04T16:31:05.104499Z,price_change,0.56,BUY,-3,0.61,0.62
2026-01-04T16:31:09.162963Z,price_change,0.63,SELL,-50,0.61,0.62
2026-01-04T16:31:13.000388Z,price_change,0.54,BUY,-500,0.61,0.62
2026-01-04T16:31:23.63515Z,price_change,0.62,SELL,-15,0.61,0.62
2026-01-04T16:31:32.422447Z,price_change,0.63,SELL,-861,0.61,0.62
2026-01-04T16:31:32.463303Z,price_change,0.65,SELL,7008,0.61,0.62
2026-01-04T16:31:32.464583Z,price_change,0.64,SELL,94,0.61,0.62
2026-01-04T16:31:39.007195Z,price_change,0.56,BUY,500,0.61,0.62
2026-01-04T16:31:41.496046Z,price_change,0.62,SELL,-62,0.61,0.62
2026-01-04T16:31:42.319069Z,price_change,0.56,BUY,3,0.61,0.62
2026-01-04T16:31:50.511988Z,price_change,0.62,SELL,-7338,0.61,0.62
2026-01-04T16:31:50.511988Z,price_change,0.63,SELL,7338,0.61,0.62
2026-01-04T16:31:51.040927Z,price_change,0.62,SELL,-15,0.61,0.62
2026-01-04T16:31:52.656869Z,price_change,0.63,SELL,50,0.61,0.62
2026-01-04T16:31:59.467401Z,price_change,0.56,BUY,-3,0.61,0.62
2026-01-04T16:32:05.656578Z,price_change,0.56,BUY,500,0.61,0.62
2026-01-04T16:32:06.241413Z,price_change,0.65,SELL,1742,0.61,0.62
2026-01-04T16:32:35.827699Z,price_change,0.56,BUY,3,0.61,0.62
2026-01-04T16:32:55.151391Z,price_change,0.62,SELL,-53,0.61,0.62
2026-01-04T16:32:55.151391Z,price_change,0.61,BUY,-53,0.6,0.62
2026-01-04T16:32:55.165001Z,price_change,0.59,BUY,-547,0.6,0.62
2026-01-04T16:32:58.620669Z,price_change,0.62,SELL,-18,0.6,0.62
2026-01-04T16:33:06.285085Z,price_change,0.65,SELL,-1742,0.6,0.62
2026-01-04T16:33:12.512287Z,price_change,0.6,BUY,-18,0.6,0.62
2026-01-04T16:33:12.512287Z,price_change,0.6,BUY,-12,0.6,0.62
2026-01-04T16:33:12.662326Z,price_change,0.64,SELL,-94,0.6,0.62
2026-01-04T16:33:12.81575Z,price_change,0.64,SELL,80,0.6,0.62
2026-01-04T16:33:13.706995Z,price_change,0.56,BUY,3,0.6,0.62
2026-01-04T16:33:15.022112Z,price_change,0.62,SELL,-11,0.6,0.62
2026-01-04T16:33:22.596311Z,price_change,0.62,SELL,-12,0.6,0.62
2026-01-04T16:33:30.280734Z,price_change,0.56,BUY,-3,0.6,0.62
2026-01-04T16:33:38.451321Z,price_change,0.62,SELL,-460,0.6,0.62
2026-01-04T16:34:01.740838Z,price_change,0.58,BUY,50,0.6,0.62
2026-01-04T16:34:02.269686Z,price_change,0.62,SELL,-125,0.6,0.62
2026-01-04T16:34:03.190464Z,price_change,0.62,SELL,-699,0.6,0.62
2026-01-04T16:34:07.808289Z,price_change,0.56,BUY,3,0.6,0.62
2026-01-04T16:34:08.948871Z,price_change,0.62,SELL,-7,0.6,0.62
2026-01-04T16:34:15.472025Z,price_change,0.65,SELL,-98,0.6,0.62
2026-01-04T16:34:15.736478Z,price_change,0.65,SELL,98,0.6,0.62
2026-01-04T16:34:23.559366Z,price_change,0.62,SELL,-15,0.6,0.62
2026-01-04T16:34:25.580972Z,price_change,0.56,BUY,-3,0.6,0.62
2026-01-04T16:34:41.251493Z,price_change,0.62,SELL,-7,0.6,0.62
2026-01-04T16:34:43.23482Z,price_change,0.62,SELL,63,0.6,0.62
2026-01-04T16:34:52.605382Z,price_change,0.62,SELL,-20,0.6,0.62
2026-01-04T16:34:53.438424Z,price_change,0.58,BUY,-50,0.6,0.62
2026-01-04T16:35:02.435215Z,price_change,0.56,BUY,3,0.6,0.62
2026-01-04T16:35:05.001512Z,price_change,0.56,BUY,-500,0.6,0.62
2026-01-04T16:35:07.238193Z,price_change,0.63,SELL,-50,0.6,0.62
2026-01-04T16:35:07.260741Z,price_change,0.58,BUY,50,0.6,0.62
2026-01-04T16:35:16.353667Z,price_change,0.62,SELL,-312,0.6,0.62
2026-01-04T16:35:19.544683Z,price_change,0.56,BUY,-3,0.6,0.62
2026-01-04T16:35:37.662596Z,price_change,0.63,SELL,50,0.6,0.62
2026-01-04T16:35:37.675117Z,price_change,0.58,BUY,-50,0.6,0.62
2026-01-04T16:35:52.277163Z,price_change,0.62,SELL,-78,0.6,0.62
2026-01-04T16:35:57.287276Z,price_change,0.56,BUY,3,0.6,0.62
2026-01-04T16:36:02.375337Z,price_change,0.62,SELL,-9,0.6,0.62
2026-01-04T16:36:10.193589Z,price_change,0.56,BUY,500,0.6,0.62
2026-01-04T16:36:14.391214Z,price_change,0.56,BUY,-3,0.6,0.62
2026-01-04T16:36:17.802612Z,price_change,0.62,SELL,-1562,0.6,0.62
2026-01-04T16:36:20.747242Z,price_change,0.58,BUY,50,0.6,0.62
2026-01-04T16:36:33.767298Z,price_change,0.62,SELL,-15,0.6,0.62
2026-01-04T16:36:33.95621Z,price_change,0.63,SELL,-50,0.6,0.62
2026-01-04T16:36:42.248358Z,price_change,0.56,BUY,-20,0.6,0.62
2026-01-04T16:36:42.337934Z,price_change,0.56,BUY,-20,0.6,0.62
2026-01-04T16:36:42.423214Z,price_change,0.56,BUY,-20,0.6,0.62
2026-01-04T16:36:42.627049Z,price_change,0.58,BUY,20,0.6,0.62
2026-01-04T16:36:42.628049Z,price_change,0.64,SELL,20,0.6,0.62
2026-01-04T16:36:42.654132Z,price_change,0.58,BUY,20,0.6,0.62
2026-01-04T16:36:42.655161Z,price_change,0.58,BUY,20,0.6,0.62
2026-01-04T16:36:42.655279Z,price_change,0.64,SELL,20,0.6,0.62
2026-01-04T16:36:42.65642Z,price_change,0.64,SELL,20,0.6,0.62
2026-01-04T16:36:51.262757Z,price_change,0.56,BUY,3,0.6,0.62
2026-01-04T16:36:55.486129Z,price_change,0.63,SELL,50,0.6,0.62
2026-01-04T16:36:59.89256Z,price_change,0.58,BUY,-50,0.6,0.62
2026-01-04T16:37:00.528845Z,price_change,0.62,SELL,-78,0.6,0.62
2026-01-04T16:37:16.316412Z,price_change,0.62,SELL,-140,0.6,0.62
2026-01-04T16:37:22.291577Z,price_change,0.62,SELL,-39,0.6,0.62
2026-01-04T16:37:28.542906Z,price_change,0.56,BUY,3,0.6,0.62
2026-01-04T16:37:36.653305Z,price_change,0.62,SELL,-158,0.6,0.62
2026-01-04T16:37:45.905271Z,price_change,0.56,BUY,-3,0.6,0.62
2026-01-04T16:37:51.3118Z,price_change,0.63,SELL,-50,0.6,0.62
2026-01-04T16:37:59.634738Z,price_change,0.62,SELL,-32,0.6,0.62
2026-01-04T16:38:00.872792Z,price_change,0.63,SELL,50,0.6,0.62
2026-01-04T16:38:05.800757Z,price_change,0.63,SELL,-50,0.6,0.62
2026-01-04T16:38:05.817213Z,price_change,0.58,BUY,50,0.6,0.62
2026-01-04T16:38:09.210967Z,price_change,0.62,SELL,-156,0.6,0.62
2026-01-04T16:38:18.149432Z,price_change,0.62,SELL,-7,0.6,0.62
2026-01-04T16:38:22.150278Z,price_change,0.56,BUY,3,0.6,0.62
2026-01-04T16:38:27.362622Z,price_change,0.62,SELL,-25,0.6,0.62
2026-01-04T16:38:28.861956Z,price_change,0.62,SELL,-826,0.6,0.62
2026-01-04T16:38:58.955181Z,price_change,0.56,BUY,3,0.6,0.62
2026-01-04T16:39:00.449121Z,price_change,0.62,SELL,-21,0.6,0.62
2026-01-04T16:39:10.000065Z,price_change,0.56,BUY,-500,0.6,0.62
2026-01-04T16:39:15.649454Z,price_change,0.62,SELL,668,0.6,0.62
2026-01-04T16:39:15.651911Z,price_change,0.59,BUY,-908,0.6,0.62
2026-01-04T16:39:15.719911Z,price_change,0.63,SELL,830,0.6,0.62
2026-01-04T16:39:15.768374Z,price_change,0.65,SELL,-6910,0.6,0.62
2026-01-04T16:39:15.769393Z,price_change,0.65,SELL,-98,0.6,0.62
2026-01-04T16:39:15.770748Z,price_change,0.64,SELL,-80,0.6,0.62
2026-01-04T16:39:15.811401Z,price_change,0.62,SELL,-9,0.6,0.62
2026-01-04T16:39:15.822275Z,price_change,0.63,SELL,168,0.6,0.62
2026-01-04T16:39:15.915026Z,price_change,0.56,BUY,-3,0.6,0.62
2026-01-04T16:39:18.268324Z,price_change,0.62,SELL,-2,0.6,0.62
2026-01-04T16:39:32.479375Z,price_change,0.62,SELL,-40,0.6,0.62
2026-01-04T16:39:39.85492Z,price_change,0.62,SELL,-31,0.6,0.62
2026-01-04T16:40:00.881034Z,price_change,0.56,BUY,-500,0.6,0.62
2026-01-04T16:40:01.219027Z,price_change,0.62,SELL,-100,0.6,0.62
2026-01-04T16:40:02.684385Z,price_change,0.62,SELL,-39,0.6,0.62
2026-01-04T16:40:03.344755Z,price_change,0.62,SELL,-200,0.6,0.62
2026-01-04T16:40:04.421527Z,price_change,0.62,SELL,-5,0.6,0.62
2026-01-04T16:40:08.776584Z,price_change,0.62,SELL,-39,0.6,0.62
2026-01-04T16:40:15.611435Z,price_change,0.56,BUY,500,0.6,0.62
2026-01-04T16:40:23.180296Z,price_change,0.56,BUY,-3,0.6,0.62
2026-01-04T16:40:25.601107Z,price_change,0.62,SELL,-237,0.6,0.62
2026-01-04T16:40:30.70521Z,price_change,0.6,BUY,-3,0.59,0.62
2026-01-04T16:40:34.506035Z,price_change,0.56,BUY,-3,0.59,0.62
2026-01-04T16:40:47.608072Z,price_change,0.59,BUY,1000,0.59,0.62
2026-01-04T16:40:53.799407Z,price_change,0.62,SELL,-40,0.59,0.62
2026-01-04T16:40:54.310752Z,price_change,0.59,BUY,-193,0.59,0.62
2026-01-04T16:40:54.310752Z,price_change,0.59,BUY,-131,0.59,0.62
2026-01-04T16:40:54.381395Z,price_change,0.59,BUY,131,0.59,0.62
2026-01-04T16:40:54.460034Z,price_change,0.59,BUY,184,0.59,0.62
2026-01-04T16:40:57.450243Z,price_change,0.62,SELL,-312,0.59,0.62
2026-01-04T16:41:08.585804Z,price_change,0.62,SELL,-78,0.59,0.62
2026-01-04T16:41:13.58295Z,price_change,0.62,SELL,-7,0.59,0.62
2026-01-04T16:41:13.976646Z,price_change,0.62,SELL,-16,0.59,0.62
2026-01-04T16:41:29.863942Z,price_change,0.58,BUY,-50,0.59,0.62
2026-01-04T16:41:43.522717Z,price_change,0.56,BUY,-3,0.59,0.62
2026-01-04T16:41:46.592768Z,price_change,0.58,BUY,50,0.59,0.62
2026-01-04T16:41:55.030711Z,price_change,0.56,BUY,-3,0.59,0.62
2026-01-04T16:42:06.274059Z,price_change,0.62,SELL,-150,0.59,0.62
2026-01-04T16:42:17.089166Z,price_change,0.62,SELL,-15,0.59,0.62
2026-01-04T16:42:31.908685Z,price_change,0.62,SELL,-15,0.59,0.62
2026-01-04T16:42:35.765889Z,price_change,0.56,BUY,-3,0.59,0.62
2026-01-04T16:42:47.115792Z,price_change,0.56,BUY,-3,0.59,0.62
2026-01-04T16:42:47.208677Z,price_change,0.58,BUY,-50,0.59,0.62
2026-01-04T16:42:59.40699Z,price_change,0.62,SELL,-109,0.59,0.62
2026-01-04T16:43:00.104464Z,price_change,0.58,BUY,50,0.59,0.62
2026-01-04T16:43:15.002026Z,price_change,0.56,BUY,-500,0.59,0.62
2026-01-04T16:43:18.328099Z,price_change,0.58,BUY,50,0.59,0.62
2026-01-04T16:43:28.055539Z,price_change,0.56,BUY,-3,0.59,0.62
2026-01-04T16:43:31.857403Z,price_change,0.62,SELL,-78,0.59,0.62
2026-01-04T16:43:32.595486Z,price_change,0.62,SELL,-702,0.59,0.62
2026-01-04T16:43:36.014457Z,price_change,0.62,SELL,-546,0.59,0.62
2026-01-04T16:43:37.623762Z,price_change,0.62,SELL,-261,0.59,0.62
2026-01-04T16:43:59.951936Z,price_change,0.62,SELL,-27,0.59,0.62
2026-01-04T16:44:00.59003Z,price_change,0.58,BUY,-50,0.59,0.62
2026-01-04T16:44:04.192161Z,price_change,0.62,SELL,-226,0.59,0.62
2026-01-04T16:44:05.065183Z,price_change,0.62,SELL,-157,0.59,0.62
2026-01-04T16:44:12.953524Z,price_change,0.56,BUY,500,0.59,0.62
2026-01-04T16:44:22.914122Z,price_change,0.58,BUY,50,0.59,0.62
2026-01-04T16:44:50.41918Z,price_change,0.62,SELL,-42,0.59,0.62
2026-01-04T16:44:54.979993Z,price_change,0.63,SELL,-32,0.59,0.62
2026-01-04T16:44:56.856549Z,price_change,0.62,SELL,-8,0.59,0.62
2026-01-04T16:44:59.038739Z,price_change,0.62,SELL,-10000,0.59,0.62
2026-01-04T16:45:08.897775Z,price_change,0.62,SELL,-39,0.59,0.62
2026-01-04T16:45:19.166068Z,price_change,0.58,BUY,-50,0.59,0.62
2026-01-04T16:45:32.543092Z,price_change,0.58,BUY,50,0.59,0.62
2026-01-04T16:45:33.510953Z,price_change,0.62,SELL,-15,0.59,0.62
2026-01-04T16:45:37.639144Z,price_change,0.62,SELL,-1,0.59,0.62
2026-01-04T16:45:48.456156Z,price_change,0.62,SELL,-39,0.59,0.62
2026-01-04T16:45:50.713958Z,price_change,0.62,SELL,-2,0.59,0.62
2026-01-04T16:46:02.248166Z,price_change,0.62,SELL,-10,0.59,0.62
2026-01-04T16:46:15.794414Z,price_change,0.62,SELL,-100,0.59,0.62
2026-01-04T16:46:15.794922Z,price_change,0.63,SELL,100,0.59,0.62
2026-01-04T16:46:16.834703Z,price_change,0.02,BUY,100,0.59,0.62
2026-01-04T16:46:27.419344Z,price_change,0.62,SELL,-17322,0.59,0.62
2026-01-04T16:46:27.419344Z,price_change,0.63,SELL,17322,0.59,0.62
2026-01-04T16:46:27.445674Z,price_change,0.6699999999999999,SELL,581,0.59,0.62
2026-01-04T16:46:27.585324Z,price_change,0.62,SELL,-100,0.59,0.62
2026-01-04T16:46:27.585324Z,price_change,0.63,SELL,100,0.59,0.62
2026-01-04T16:46:27.615243Z,price_change,0.6699999999999999,SELL,-581,0.59,0.62
2026-01-04T16:46:27.721683Z,price_change,0.62,SELL,-12,0.59,0.62
2026-01-04T16:46:31.495343Z,price_change,0.62,SELL,-31,0.59,0.62
2026-01-04T16:46:32.272236Z,price_change,0.58,BUY,-50,0.59,0.62
2026-01-04T16:46:54.503203Z,price_change,0.62,SELL,-5,0.59,0.62
2026-01-04T16:46:58.870097Z,price_change,0.58,BUY,50,0.59,0.62
2026-01-04T16:47:04.361053Z,price_change,0.62,SELL,-5,0.59,0.62
2026-01-04T16:47:06.983056Z,price_change,0.62,SELL,-1,0.59,0.62
2026-01-04T16:47:12.00065Z,price_change,0.56,BUY,-500,0.59,0.62
2026-01-04T16:47:17.533544Z,price_change,0.62,SELL,-9,0.59,0.62
2026-01-04T16:47:17.533544Z,price_change,0.62,SELL,-87,0.59,0.62
2026-01-04T16:47:20.071285Z,price_change,0.62,SELL,-16,0.59,0.62
2026-01-04T16:47:21.33947Z,price_change,0.62,SELL,-162,0.59,0.62
2026-01-04T16:47:21.596182Z,price_change,0.25,BUY,66,0.59,0.62
2026-01-04T16:47:26.655442Z,price_change,0.62,SELL,-96,0.59,0.62
2026-01-04T16:47:36.271466Z,price_change,0.62,SELL,-307,0.59,0.63
2026-01-04T16:47:36.610302Z,price_change,0.62,SELL,710,0.59,0.62
2026-01-04T16:47:37.993904Z,price_change,0.6,BUY,119,0.6,0.62
2026-01-04T16:47:38.080415Z,price_change,0.58,BUY,-50,0.6,0.62
2026-01-04T16:47:38.080415Z,price_change,0.59,BUY,50,0.6,0.62
2026-01-04T16:47:46.443425Z,price_change,0.62,SELL,-710,0.6,0.63
2026-01-04T16:47:46.61268Z,price_change,0.59,BUY,916,0.6,0.63
2026-01-04T16:47:47.004713Z,price_change,0.64,SELL,50,0.6,0.63
2026-01-04T16:47:58.146937Z,price_change,0.63,SELL,-47,0.6,0.63
2026-01-04T16:48:00.827172Z,price_change,0.6,BUY,-119,0.59,0.63
2026-01-04T16:48:03.557524Z,price_change,0.59,BUY,-50,0.59,0.63
2026-01-04T16:48:03.557524Z,price_change,0.58,BUY,50,0.59,0.63
2026-01-04T16:48:04.398353Z,price_change,0.63,SELL,-149,0.59,0.63
2026-01-04T16:48:04.398353Z,price_change,0.63,SELL,-67,0.59,0.63
2026-01-04T16:48:04.398353Z,price_change,0.63,SELL,-967,0.59,0.63
2026-01-04T16:48:04.571969Z,price_change,0.59,BUY,67,0.59,0.63
2026-01-04T16:48:04.70812Z,price_change,0.63,SELL,216,0.59,0.63
2026-01-04T16:48:04.71073Z,price_change,0.64,SELL,67,0.59,0.63
2026-01-04T16:48:04.853492Z,price_change,0.63,SELL,-100,0.59,0.63
2026-01-04T16:48:04.857905Z,price_change,0.64,SELL,100,0.59,0.63
2026-01-04T16:48:04.896832Z,price_change,0.58,BUY,-67,0.59,0.63
2026-01-04T16:48:10.485048Z,price_change,0.63,SELL,-15,0.59,0.63
2026-01-04T16:48:11.50137Z,price_change,0.56,BUY,500,0.59,0.63
2026-01-04T16:48:16.542676Z,price_change,0.63,SELL,-9,0.59,0.63
2026-01-04T16:48:19.254889Z,price_change,0.61,BUY,119,0.61,0.63
2026-01-04T16:48:19.271618Z,price_change,0.59,BUY,501,0.61,0.63
2026-01-04T16:48:19.857248Z,price_change,0.63,SELL,100,0.61,0.63
2026-01-04T16:48:19.857311Z,price_change,0.64,SELL,-100,0.61,0.63
2026-01-04T16:48:20.451879Z,price_change,0.58,BUY,-50,0.61,0.63
2026-01-04T16:48:22.262981Z,price_change,0.63,SELL,-5,0.61,0.63
2026-01-04T16:48:27.226255Z,price_change,0.63,SELL,-1,0.61,0.63
2026-01-04T16:48:32.042335Z,price_change,0.63,SELL,-694,0.61,0.63
2026-01-04T16:48:32.089706Z,price_change,0.63,SELL,-136,0.61,0.63
2026-01-04T16:48:33.988542Z,price_change,0.63,SELL,67,0.61,0.63
2026-01-04T16:48:33.990221Z,price_change,0.58,BUY,67,0.61,0.63
2026-01-04T16:48:34.148715Z,price_change,0.59,BUY,-67,0.61,0.63
2026-01-04T16:48:34.286448Z,price_change,0.64,SELL,-67,0.61,0.63
2026-01-04T16:48:37.584292Z,price_change,0.63,SELL,-151,0.61,0.63
2026-01-04T16:48:40.785398Z,price_change,0.63,SELL,-23,0.61,0.63
2026-01-04T16:48:44.357103Z,price_change,0.63,SELL,-16,0.61,0.63
2026-01-04T16:48:51.932257Z,price_change,0.61,BUY,-50,0.61,0.63
2026-01-04T16:48:51.936734Z,price_change,0.63,SELL,-1,0.61,0.63
2026-01-04T16:49:00.205339Z,price_change,0.63,SELL,-50,0.61,0.63
2026-01-04T16:49:00.439795Z,price_change,0.63,SELL,-5,0.61,0.63
2026-01-04T16:49:00.820034Z,price_change,0.63,SELL,-38,0.61,0.63
2026-01-04T16:49:02.581297Z,price_change,0.63,SELL,-30,0.61,0.63
2026-01-04T16:49:04.757829Z,price_change,0.63,SELL,-1554,0.61,0.63
2026-01-04T16:49:10.797892Z,price_change,0.63,SELL,-7,0.61,0.63
2026-01-04T16:49:16.308295Z,price_change,0.63,SELL,-43,0.61,0.63
2026-01-04T16:49:27.650742Z,price_change,0.63,SELL,-6,0.61,0.63
2026-01-04T16:49:29.244631Z,price_change,0.63,SELL,-962,0.61,0.63
2026-01-04T16:49:30.553875Z,price_change,0.63,SELL,22,0.61,0.63
2026-01-04T16:49:31.441047Z,price_change,0.63,SELL,-82,0.61,0.63
2026-01-04T16:49:31.9574Z,price_change,0.63,SELL,-169,0.61,0.63
2026-01-04T16:49:44.130146Z,price_change,0.63,SELL,-61,0.61,0.63
2026-01-04T16:49:47.669104Z,price_change,0.63,SELL,-3,0.61,0.63
2026-01-04T16:49:51.280243Z,price_change,0.63,SELL,-61,0.61,0.63
2026-01-04T16:50:00.003502Z,price_change,0.9,SELL,-620,0.61,0.63
2026-01-04T16:50:00.003502Z,price_change,0.29,BUY,-620,0.61,0.63
2026-01-04T16:50:00.976354Z,price_change,0.56,BUY,-500,0.61,0.63
2026-01-04T16:50:02.599356Z,price_change,0.62,SELL,710,0.61,0.62
2026-01-04T16:50:03.485276Z,price_change,0.63,SELL,815,0.61,0.62
2026-01-04T16:50:04.334511Z,price_change,0.64,SELL,-50,0.61,0.62
2026-01-04T16:50:06.44455Z,price_change,0.62,SELL,-1,0.61,0.62
2026-01-04T16:50:07.377295Z,price_change,0.62,SELL,-6,0.61,0.62
2026-01-04T16:50:11.885979Z,price_change,0.62,SELL,-4,0.61,0.62
2026-01-04T16:50:12.242549Z,price_change,0.7,SELL,962,0.61,0.62
2026-01-04T16:50:18.152654Z,price_change,0.62,SELL,135,0.61,0.62
2026-01-04T16:50:18.406985Z,price_change,0.59,BUY,-916,0.61,0.62
2026-01-04T16:50:21.662405Z,price_change,0.61,BUY,50,0.61,0.62
2026-01-04T16:50:42.293246Z,price_change,0.59,BUY,-1000,0.61,0.62
2026-01-04T16:51:02.927416Z,price_change,0.61,BUY,1000,0.61,0.62
2026-01-04T16:51:03.564624Z,price_change,0.59,BUY,-184,0.61,0.62
2026-01-04T16:51:03.608002Z,price_change,0.62,SELL,176,0.61,0.62
2026-01-04T16:51:03.652549Z,price_change,0.64,SELL,-2055,0.61,0.62
2026-01-04T16:51:03.654112Z,price_change,0.64,SELL,-828,0.61,0.62
2026-01-04T16:51:03.655545Z,price_change,0.64,SELL,-114,0.61,0.62
2026-01-04T16:51:03.657031Z,price_change,0.64,SELL,-79,0.61,0.62
2026-01-04T16:51:03.67858Z,price_change,0.63,SELL,-100,0.61,0.62
2026-01-04T16:51:03.67858Z,price_change,0.62,SELL,100,0.61,0.62
2026-01-04T16:51:03.888958Z,price_change,0.62,SELL,-62,0.61,0.62
2026-01-04T16:51:03.949522Z,price_change,0.62,SELL,-100,0.61,0.62
2026-01-04T16:51:03.949522Z,price_change,0.63,SELL,100,0.61,0.62
2026-01-04T16:51:06.422632Z,price_change,0.62,SELL,-46,0.61,0.62
2026-01-04T16:51:13.200033Z,price_change,0.63,SELL,50,0.61,0.62
2026-01-04T16:51:34.251409Z,price_change,0.62,SELL,-12,0.61,0.62
2026-01-04T16:51:43.730036Z,price_change,0.63,SELL,-50,0.61,0.62
2026-01-04T16:51:49.152885Z,price_change,0.62,SELL,-30,0.61,0.62
2026-01-04T16:51:53.398205Z,price_change,0.62,SELL,15,0.61,0.62
2026-01-04T16:52:03.039893Z,price_change,0.62,SELL,-80,0.61,0.62
2026-01-04T16:52:05.749022Z,price_change,0.62,SELL,-10,0.61,0.62
2026-01-04T16:52:11.165873Z,price_change,0.62,SELL,-9,0.61,0.62
2026-01-04T16:52:15.256654Z,price_change,0.62,SELL,-117,0.61,0.62
2026-01-04T16:52:24.328879Z,price_change,0.62,SELL,-10,0.61,0.62
2026-01-04T16:52:28.180932Z,price_change,0.62,SELL,-48,0.61,0.62
2026-01-04T16:52:34.857102Z,price_change,0.62,SELL,-1,0.61,0.62
2026-01-04T16:52:35.178839Z,price_change,0.62,SELL,-200,0.61,0.62
2026-01-04T16:52:47.669744Z,price_change,0.62,SELL,-28,0.61,0.62
2026-01-04T16:52:47.697008Z,price_change,0.62,SELL,-7,0.61,0.62
2026-01-04T16:53:10.113775Z,price_change,0.62,SELL,-39,0.61,0.62
2026-01-04T16:53:10.113775Z,price_change,0.62,SELL,-135,0.61,0.62
2026-01-04T16:53:10.113775Z,price_change,0.62,SELL,-50,0.61,0.62
2026-01-04T16:53:10.177663Z,price_change,0.62,SELL,50,0.61,0.62
2026-01-04T16:53:10.326841Z,price_change,0.62,SELL,122,0.61,0.62
2026-01-04T16:53:10.334606Z,price_change,0.62,SELL,-49,0.61,0.62
2026-01-04T16:53:10.444939Z,price_change,0.62,SELL,673,0.61,0.62
2026-01-04T16:53:19.452596Z,price_change,0.64,SELL,-8000,0.61,0.62
2026-01-04T16:53:19.456209Z,price_change,0.59,BUY,-8000,0.61,0.62
2026-01-04T16:53:19.457041Z,price_change,0.6,BUY,8000,0.61,0.62
2026-01-04T16:53:19.459029Z,price_change,0.65,SELL,8000,0.61,0.62
2026-01-04T16:53:31.388787Z,price_change,0.62,SELL,-84,0.61,0.62
2026-01-04T16:53:31.449641Z,price_change,0.62,SELL,84,0.61,0.62
2026-01-04T16:53:31.619318Z,price_change,0.62,SELL,-82,0.61,0.62
2026-01-04T16:53:31.883595Z,price_change,0.62,SELL,-42,0.61,0.62
2026-01-04T16:53:31.884332Z,price_change,0.62,SELL,-1,0.61,0.62
2026-01-04T16:53:31.885081Z,price_change,0.62,SELL,-2,0.61,0.62
2026-01-04T16:53:32.016126Z,price_change,0.64,SELL,3076,0.61,0.62
2026-01-04T16:53:32.595794Z,price_change,0.63,SELL,-17322,0.61,0.62
2026-01-04T16:53:32.595794Z,price_change,0.62,SELL,17322,0.61,0.62
2026-01-04T16:53:32.65344Z,price_change,0.63,SELL,-100,0.61,0.62
2026-01-04T16:53:32.65344Z,price_change,0.62,SELL,100,0.61,0.62
2026-01-04T16:53:37.988253Z,price_change,0.62,SELL,-15,0.61,0.62
2026-01-04T16:53:37.988253Z,price_change,0.62,SELL,-81,0.61,0.62
2026-01-04T16:53:38.657525Z,price_change,0.59,BUY,171,0.61,0.62
2026-01-04T16:53:44.223912Z,price_change,0.62,SELL,41,0.61,0.62
2026-01-04T16:53:48.777954Z,price_change,0.61,BUY,1,0.61,0.62
2026-01-04T16:53:51.132491Z,price_change,0.62,SELL,-41,0.61,0.62
2026-01-04T16:53:53.955963Z,price_change,0.6,BUY,120,0.61,0.62
2026-01-04T16:53:59.374327Z,price_change,0.62,SELL,-8,0.61,0.62
2026-01-04T16:54:17.34278Z,price_change,0.62,SELL,-41,0.61,0.62
2026-01-04T16:54:17.776752Z,price_change,0.62,SELL,-2,0.61,0.62
2026-01-04T16:54:18.951557Z,price_change,0.62,SELL,41,0.61,0.62
2026-01-04T16:54:20.104378Z,price_change,0.62,SELL,-13,0.61,0.62
2026-01-04T16:54:21.863845Z,price_change,0.02,BUY,300,0.61,0.62
2026-01-04T16:54:22.041624Z,price_change,0.64,SELL,-20,0.61,0.62
2026-01-04T16:54:22.132268Z,price_change,0.58,BUY,-20,0.61,0.62
2026-01-04T16:54:22.216852Z,price_change,0.64,SELL,-20,0.61,0.62
2026-01-04T16:54:22.298361Z,price_change,0.58,BUY,-20,0.61,0.62
2026-01-04T16:54:22.383642Z,price_change,0.64,SELL,-20,0.61,0.62
2026-01-04T16:54:22.467788Z,price_change,0.58,BUY,-20,0.61,0.62
2026-01-04T16:54:22.676039Z,price_change,0.58,BUY,20,0.61,0.62
2026-01-04T16:54:22.69868Z,price_change,0.58,BUY,20,0.61,0.62
2026-01-04T16:54:22.698926Z,price_change,0.58,BUY,20,0.61,0.62
2026-01-04T16:54:27.762697Z,price_change,0.62,SELL,-38,0.61,0.62
2026-01-04T16:54:30.179837Z,price_change,0.63,SELL,50,0.61,0.62
2026-01-04T16:54:36.420849Z,price_change,0.62,SELL,-41,0.61,0.62
2026-01-04T16:54:37.086732Z,price_change,0.62,SELL,-20,0.61,0.62
2026-01-04T16:54:38.267191Z,price_change,0.61,BUY,-41,0.61,0.62
2026-01-04T16:54:38.508231Z,price_change,0.63,SELL,-164,0.61,0.62
2026-01-04T16:54:49.236317Z,price_change,0.62,SELL,-8,0.61,0.62
2026-01-04T16:54:50.67796Z,price_change,0.63,SELL,-50,0.61,0.62
2026-01-04T16:54:51.086143Z,price_change,0.63,SELL,50,0.61,0.62
2026-01-04T16:54:56.189117Z,price_change,0.62,SELL,-55,0.61,0.62
2026-01-04T16:55:00.741337Z,price_change,0.62,SELL,-9,0.61,0.62
2026-01-04T16:55:00.79011Z,price_change,0.64,SELL,300,0.61,0.62
2026-01-04T16:55:00.79186Z,price_change,0.59,BUY,125,0.61,0.62
2026-01-04T16:55:03.130352Z,price_change,0.59,BUY,5,0.61,0.62
2026-01-04T16:55:06.706346Z,price_change,0.62,SELL,-122,0.61,0.62
2026-01-04T16:55:18.462545Z,price_change,0.62,SELL,-10,0.61,0.62
2026-01-04T16:55:19.122543Z,price_change,0.63,SELL,109,0.61,0.62
2026-01-04T16:55:19.339224Z,price_change,0.64,SELL,-109,0.61,0.62
2026-01-04T16:55:20.588218Z,price_change,0.62,SELL,-10,0.61,0.62
2026-01-04T16:55:20.939337Z,price_change,0.59,BUY,-2000,0.61,0.62
2026-01-04T16:55:20.941548Z,price_change,0.64,SELL,-2000,0.61,0.62
2026-01-04T16:55:21.268451Z,price_change,0.64,SELL,-300,0.61,0.62
2026-01-04T16:55:21.269342Z,price_change,0.59,BUY,-125,0.61,0.62
2026-01-04T16:55:21.369413Z,price_change,0.65,SELL,75,0.61,0.62
2026-01-04T16:55:21.374672Z,price_change,0.59,BUY,31,0.61,0.62
2026-01-04T16:55:22.485823Z,price_change,0.62,SELL,-15,0.61,0.62
2026-01-04T16:55:52.611932Z,price_change,0.06,BUY,-500,0.61,0.62
2026-01-04T16:55:59.479066Z,price_change,0.63,SELL,-50,0.61,0.62
2026-01-04T16:56:01.535002Z,price_change,0.62,SELL,-20,0.61,0.62
2026-01-04T16:56:09.14003Z,price_change,0.62,SELL,-40,0.61,0.62
2026-01-04T16:56:10.371837Z,price_change,0.62,SELL,-303,0.61,0.62
2026-01-04T16:56:10.371837Z,price_change,0.62,SELL,-7197,0.61,0.62
2026-01-04T16:56:10.543541Z,price_change,0.59,BUY,909,0.61,0.62
2026-01-04T16:56:11.508135Z,price_change,0.62,SELL,-20,0.61,0.62
2026-01-04T16:56:14.013306Z,price_change,0.62,SELL,-1562,0.61,0.62
2026-01-04T16:56:16.950591Z,price_change,0.62,SELL,-600,0.61,0.62
2026-01-04T16:56:16.971787Z,price_change,0.6599999999999999,SELL,505,0.61,0.62
2026-01-04T16:56:23.097642Z,price_change,0.62,SELL,-11,0.61,0.62
2026-01-04T16:56:23.123392Z,price_change,0.6599999999999999,SELL,-18,0.61,0.62
2026-01-04T16:56:38.415382Z,price_change,0.62,SELL,-78,0.61,0.62
2026-01-04T16:56:38.973542Z,price_change,0.62,SELL,-234,0.61,0.62
2026-01-04T16:56:41.7102Z,price_change,0.63,SELL,50,0.61,0.62
2026-01-04T16:56:43.461645Z,price_change,0.62,SELL,-312,0.61,0.62
2026-01-04T16:56:43.490511Z,price_change,0.6599999999999999,SELL,-487,0.61,0.62
2026-01-04T16:56:43.490511Z,price_change,0.6699999999999999,SELL,750,0.61,0.62
2026-01-04T16:56:50.725675Z,price_change,0.62,SELL,634,0.61,0.62
2026-01-04T16:56:55.063732Z,price_change,0.62,SELL,10000,0.61,0.62
2026-01-04T16:56:55.095927Z,price_change,0.6699999999999999,SELL,-750,0.61,0.62
2026-01-04T16:56:57.59922Z,price_change,0.62,SELL,-18,0.61,0.62
2026-01-04T16:57:04.458491Z,price_change,0.62,SELL,-64,0.61,0.62
2026-01-04T16:57:04.462556Z,price_change,0.61,BUY,-28,0.61,0.62
2026-01-04T16:57:04.462556Z,price_change,0.61,BUY,-50,0.61,0.62
2026-01-04T16:57:04.462556Z,price_change,0.61,BUY,-922,0.61,0.62
2026-01-04T16:57:07.358915Z,price_change,0.62,SELL,-78,0.61,0.62
2026-01-04T16:57:10.300615Z,price_change,0.62,SELL,-23,0.61,0.62
2026-01-04T16:57:10.875386Z,price_change,0.62,SELL,-20,0.61,0.62
2026-01-04T16:57:19.157196Z,price_change,0.62,SELL,-24,0.61,0.62
2026-01-04T16:57:21.171646Z,price_change,0.62,SELL,-28,0.61,0.62
2026-01-04T16:57:32.069333Z,price_change,0.62,SELL,-2000,0.61,0.62
2026-01-04T16:57:36.771676Z,price_change,0.56,BUY,100,0.61,0.62
2026-01-04T16:57:37.919675Z,price_change,0.62,SELL,-49,0.61,0.62
2026-01-04T16:57:38.551405Z,price_change,0.62,SELL,-37,0.61,0.62
2026-01-04T16:57:41.745173Z,price_change,0.62,SELL,-50,0.61,0.62
2026-01-04T16:57:42.581064Z,price_change,0.62,SELL,-51,0.61,0.62
2026-01-04T16:57:46.919289Z,price_change,0.63,SELL,-50,0.61,0.62
2026-01-04T16:57:48.560752Z,price_change,0.62,SELL,-562,0.61,0.62
2026-01-04T16:57:50.165622Z,price_change,0.62,SELL,-157,0.61,0.62
2026-01-04T16:57:57.688015Z,price_change,0.62,SELL,-85,0.61,0.62
2026-01-04T16:57:59.161203Z,price_change,0.62,SELL,-9,0.61,0.62
2026-01-04T16:57:59.406415Z,price_change,0.62,SELL,-4,0.61,0.62
2026-01-04T16:58:08.379231Z,price_change,0.59,BUY,-500,0.61,0.62
2026-01-04T16:58:08.928086Z,price_change,0.64,SELL,-500,0.61,0.62
2026-01-04T16:58:13.68507Z,price_change,0.01,BUY,99,0.61,0.62
2026-01-04T16:58:13.731134Z,price_change,0.02,BUY,99,0.61,0.62
2026-01-04T16:58:13.773317Z,price_change,0.03,BUY,99,0.61,0.62
2026-01-04T16:58:13.818288Z,price_change,0.05,BUY,99,0.61,0.62
2026-01-04T16:58:18.02904Z,price_change,0.6,BUY,50,0.61,0.62
2026-01-04T16:58:20.866149Z,price_change,0.62,SELL,-468,0.61,0.62
2026-01-04T16:58:21.08047Z,price_change,0.62,SELL,-25,0.61,0.62
2026-01-04T16:58:29.95063Z,price_change,0.62,SELL,-35,0.61,0.62
2026-01-04T16:58:40.124627Z,price_change,0.59,BUY,-909,0.61,0.62
2026-01-04T16:58:40.286699Z,price_change,0.6,BUY,-120,0.61,0.62
2026-01-04T16:58:40.969858Z,price_change,0.62,SELL,-31,0.61,0.62
2026-01-04T16:58:43.035898Z,price_change,0.6,BUY,-50,0.61,0.62
2026-01-04T16:58:44.081315Z,price_change,0.62,SELL,135,0.61,0.62
2026-01-04T16:58:48.250152Z,price_change,0.63,SELL,50,0.61,0.62
2026-01-04T16:58:58.342771Z,price_change,0.62,SELL,-38,0.61,0.62
2026-01-04T16:59:08.995846Z,price_change,0.62,SELL,-100,0.61,0.62
2026-01-04T16:59:09.683554Z,price_change,0.62,SELL,-314,0.61,0.62
2026-01-04T16:59:09.692298Z,price_change,0.59,BUY,889,0.61,0.62
2026-01-04T16:59:09.827605Z,price_change,0.63,SELL,-1045,0.61,0.62
2026-01-04T16:59:09.828243Z,price_change,0.63,SELL,-109,0.61,0.62
2026-01-04T16:59:09.829427Z,price_change,0.63,SELL,-651,0.61,0.62
2026-01-04T16:59:09.830741Z,price_change,0.62,SELL,-634,0.61,0.62
2026-01-04T16:59:09.83312Z,price_change,0.6,BUY,613,0.61,0.62
2026-01-04T16:59:09.922453Z,price_change,0.63,SELL,-27,0.61,0.62
2026-01-04T16:59:10.009586Z,price_change,0.64,SELL,-193,0.61,0.62
2026-01-04T16:59:10.504014Z,price_change,0.62,SELL,-150,0.61,0.62
2026-01-04T16:59:13.280722Z,price_change,0.62,SELL,-78,0.61,0.62
2026-01-04T16:59:17.884911Z,price_change,0.63,SELL,-50,0.61,0.62
2026-01-04T16:59:26.749271Z,price_change,0.64,SELL,-930,0.61,0.62
2026-01-04T16:59:27.050299Z,price_change,0.63,SELL,-109,0.61,0.62
2026-01-04T16:59:27.09533Z,price_change,0.65,SELL,3549,0.61,0.62
2026-01-04T16:59:27.097115Z,price_change,0.64,SELL,136,0.61,0.62
2026-01-04T16:59:28.333442Z,price_change,0.64,SELL,-136,0.61,0.62
2026-01-04T16:59:30.002024Z,price_change,0.63,SELL,-22,0.61,0.62
2026-01-04T16:59:30.002024Z,price_change,0.64,SELL,-12,0.61,0.62
2026-01-04T16:59:30.93121Z,price_change,0.62,SELL,-61,0.61,0.62
2026-01-04T16:59:32.270438Z,price_change,0.64,SELL,911,0.61,0.62
2026-01-04T16:59:32.331175Z,price_change,0.63,SELL,1040,0.61,0.62
2026-01-04T16:59:35.198554Z,price_change,0.64,SELL,136,0.61,0.62
2026-01-04T16:59:40.645992Z,price_change,0.62,SELL,-1,0.61,0.62
2026-01-04T16:59:54.297855Z,price_change,0.64,SELL,-136,0.61,0.62
2026-01-04T16:59:54.706998Z,price_change,0.64,SELL,136,0.61,0.62
2026-01-04T16:59:55.866427Z,price_change,0.64,SELL,-1844,0.61,0.62
2026-01-04T16:59:55.867397Z,price_change,0.65,SELL,-3549,0.61,0.62
2026-01-04T16:59:55.868526Z,price_change,0.64,SELL,-911,0.61,0.62
2026-01-04T16:59:55.869487Z,price_change,0.64,SELL,-136,0.61,0.62
2026-01-04T16:59:57.079255Z,price_change,0.6,BUY,250,0.61,0.62
2026-01-04T16:59:57.176931Z,price_change,0.62,SELL,1000,0.61,0.62
2026-01-04T16:59:59.00561Z,price_change,0.81,SELL,-640,0.61,0.62
2026-01-04T16:59:59.00561Z,price_change,0.25,BUY,-612,0.61,0.62
2026-01-04T17:00:00.007781Z,price_change,0.62,SELL,-10000,0.61,0.62
2026-01-04T17:00:00.007781Z,price_change,0.63,SELL,-7338,0.61,0.62
2026-01-04T17:00:00.007781Z,price_change,0.8200000000000001,SELL,-250,0.61,0.62
2026-01-04T17:00:00.007781Z,price_change,0.61,BUY,-1,0.61,0.62
2026-01-04T17:00:00.007781Z,price_change,0.62,SELL,-2848,0.61,0.62
2026-01-04T17:00:00.007781Z,price_change,0.58,BUY,-36332,0.61,0.62
2026-01-04T17:00:00.057838Z,price_change,0.6599999999999999,SELL,11,0.61,0.62
2026-01-04T17:00:00.323218Z,price_change,0.62,SELL,1,0.61,0.62
2026-01-04T17:00:00.33551Z,price_change,0.63,SELL,-67,0.61,0.62
2026-01-04T17:00:00.340022Z,price_change,0.58,BUY,-67,0.61,0.62
2026-01-04T17:00:00.359136Z,price_change,0.59,BUY,-501,0.61,0.62
2026-01-04T17:00:00.367277Z,price_change,0.55,BUY,249,0.61,0.62
2026-01-04T17:00:03.795811Z,price_change,0.57,BUY,-1188,0.61,0.62
2026-01-04T17:00:03.898696Z,price_change,0.58,BUY,-901,0.61,0.62
2026-01-04T17:00:04.023805Z,price_change,0.64,SELL,-730,0.61,0.62
2026-01-04T17:00:04.024459Z,price_change,0.57,BUY,-221,0.61,0.62
2026-01-04T17:00:04.08689Z,price_change,0.58,BUY,-177,0.61,0.62
2026-01-04T17:00:04.127537Z,price_change,0.64,SELL,-148,0.61,0.62
2026-01-04T17:00:04.264396Z,price_change,0.65,SELL,-143,0.61,0.62
2026-01-04T17:00:04.589695Z,price_change,0.63,SELL,-216,0.61,0.62
2026-01-04T17:00:04.609972Z,price_change,0.59,BUY,-171,0.61,0.62
2026-01-04T17:00:04.714395Z,price_change,0.61,BUY,50,0.61,0.62
2026-01-04T17:00:04.736769Z,price_change,0.62,SELL,-135,0.61,0.62
2026-01-04T17:00:04.841398Z,price_change,0.62,SELL,-1000,0.61,0.62
2026-01-04T17:00:04.862518Z,price_change,0.63,SELL,1000,0.61,0.62
2026-01-04T17:00:05.43231Z,price_change,0.58,BUY,-5388,0.61,0.62
2026-01-04T17:00:05.620916Z,price_change,0.63,SELL,-12703,0.61,0.62
2026-01-04T17:00:05.805403Z,price_change,0.65,SELL,-778,0.61,0.62
2026-01-04T17:00:06.204653Z,price_change,0.32,BUY,644,0.61,0.62
2026-01-04T17:00:06.205831Z,price_change,0.81,SELL,594,0.61,0.62
2026-01-04T17:00:06.206863Z,price_change,0.34,BUY,375,0.61,0.62
2026-01-04T17:00:06.207933Z,price_change,0.8200000000000001,SELL,480,0.61,0.62
2026-01-04T17:00:06.51541Z,price_change,0.59,BUY,-889,0.61,0.62
2026-01-04T17:00:06.525471Z,price_change,0.6,BUY,-613,0.61,0.62
2026-01-04T17:00:06.611187Z,price_change,0.63,SELL,-1040,0.61,0.62
2026-01-04T17:00:08.712064Z,price_change,0.62,SELL,-1,0.61,0.63
2026-01-04T17:00:09.04457Z,price_change,0.64,SELL,50,0.61,0.63
2026-01-04T17:00:09.197963Z,price_change,0.62,SELL,1,0.61,0.62
2026-01-04T17:00:22.632896Z,price_change,0.62,SELL,-1,0.61,0.63
2026-01-04T17:00:22.632896Z,price_change,0.63,SELL,-5,0.61,0.63
2026-01-04T17:00:27.011748Z,price_change,0.59,BUY,-247,0.61,0.63
2026-01-04T17:00:28.372691Z,price_change,0.63,SELL,-36,0.61,0.63
2026-01-04T17:00:29.269076Z,price_change,0.62,SELL,1,0.61,0.62
2026-01-04T17:00:30.380585Z,price_change,0.62,SELL,-1,0.61,0.63
2026-01-04T17:00:30.380585Z,price_change,0.63,SELL,-999,0.61,0.63
2026-01-04T17:00:31.199631Z,price_change,0.62,SELL,26,0.61,0.62
2026-01-04T17:00:31.434821Z,price_change,0.6,BUY,-250,0.61,0.62
2026-01-04T17:00:31.452919Z,price_change,0.61,BUY,250,0.61,0.62
2026-01-04T17:00:31.482787Z,price_change,0.55,BUY,-249,0.61,0.62
2026-01-04T17:00:31.482787Z,price_change,0.56,BUY,249,0.61,0.62
2026-01-04T17:00:31.487401Z,price_change,0.6599999999999999,SELL,-11,0.61,0.62
2026-01-04T17:00:31.487401Z,price_change,0.6699999999999999,SELL,224,0.61,0.62
2026-01-04T17:00:31.575787Z,price_change,0.62,SELL,-26,0.61,0.63
2026-01-04T17:00:31.575787Z,price_change,0.63,SELL,23,0.61,0.63
2026-01-04T17:00:32.857073Z,price_change,0.63,SELL,-4,0.61,0.63
2026-01-04T17:00:33.795443Z,price_change,0.55,BUY,-125,0.61,0.63
2026-01-04T17:00:35.274026Z,price_change,0.63,SELL,-3,0.61,0.63
2026-01-04T17:00:41.53236Z,price_change,0.63,SELL,6081,0.61,0.63
2026-01-04T17:00:41.594119Z,price_change,0.58,BUY,3879,0.61,0.63
2026-01-04T17:00:41.997643Z,price_change,0.63,SELL,-75,0.61,0.63
2026-01-04T17:00:51.386917Z,price_change,0.63,SELL,-15,0.61,0.63
2026-01-04T17:00:51.697545Z,price_change,0.63,SELL,-1,0.61,0.63
2026-01-04T17:00:51.802239Z,price_change,0.8,SELL,1,0.61,0.63
2026-01-04T17:01:02.730936Z,price_change,0.65,SELL,-8000,0.61,0.63
2026-01-04T17:01:02.73289Z,price_change,0.6,BUY,-8000,0.61,0.63
2026-01-04T17:01:02.752616Z,price_change,0.63,SELL,-1000,0.61,0.63
2026-01-04T17:01:02.766473Z,price_change,0.64,SELL,1000,0.61,0.63
2026-01-04T17:01:02.882829Z,price_change,0.61,BUY,8000,0.61,0.63
2026-01-04T17:01:02.883796Z,price_change,0.6699999999999999,SELL,8000,0.61,0.63
2026-01-04T17:01:03.087017Z,price_change,0.59,BUY,-31,0.61,0.63
2026-01-04T17:01:03.087793Z,price_change,0.65,SELL,-75,0.61,0.63
2026-01-04T17:01:03.146866Z,price_change,0.6599999999999999,SELL,75,0.61,0.63
2026-01-04T17:01:03.147888Z,price_change,0.6,BUY,31,0.61,0.63
2026-01-04T17:01:05.097729Z,price_change,0.63,SELL,-9,0.61,0.63
2026-01-04T17:01:06.775344Z,price_change,0.63,SELL,-115,0.61,0.63
2026-01-04T17:01:07.805028Z,price_change,0.63,SELL,-389,0.61,0.63
2026-01-04T17:01:08.267603Z,price_change,0.63,SELL,-100,0.61,0.63
2026-01-04T17:01:08.27071Z,price_change,0.64,SELL,100,0.61,0.63
2026-01-04T17:01:09.294741Z,price_change,0.63,SELL,-140,0.61,0.63
2026-01-04T17:01:09.318446Z,price_change,0.64,SELL,-1000,0.61,0.63
2026-01-04T17:01:09.338735Z,price_change,0.63,SELL,1000,0.61,0.63
2026-01-04T17:01:09.886391Z,price_change,0.63,SELL,-15,0.61,0.63
2026-01-04T17:01:11.656505Z,price_change,0.58,BUY,-3879,0.61,0.63
2026-01-04T17:01:11.659597Z,price_change,0.59,BUY,3814,0.61,0.63
2026-01-04T17:01:13.048007Z,price_change,0.63,SELL,-1,0.61,0.63
2026-01-04T17:01:13.767424Z,price_change,0.95,SELL,16,0.61,0.63
2026-01-04T17:01:23.030556Z,price_change,0.55,BUY,20,0.61,0.63
2026-01-04T17:01:25.086045Z,price_change,0.63,SELL,-115,0.61,0.63
2026-01-04T17:01:27.777882Z,price_change,0.63,SELL,-38,0.61,0.63
2026-01-04T17:01:27.815927Z,price_change,0.56,BUY,-1,0.61,0.63
2026-01-04T17:01:28.930747Z,price_change,0.63,SELL,-25,0.61,0.63
2026-01-04T17:01:29.990471Z,price_change,0.63,SELL,-10,0.61,0.63
2026-01-04T17:01:30.3788Z,price_change,0.63,SELL,-116,0.61,0.63
2026-01-04T17:01:30.993415Z,price_change,0.63,SELL,-620,0.61,0.63
2026-01-04T17:01:33.971347Z,price_change,0.63,SELL,-100,0.61,0.63
2026-01-04T17:01:39.408893Z,price_change,0.63,SELL,-135,0.61,0.63
2026-01-04T17:01:47.149863Z,price_change,0.63,SELL,-30,0.61,0.63
2026-01-04T17:01:50.718901Z,price_change,0.63,SELL,-185,0.61,0.63
2026-01-04T17:01:53.507101Z,price_change,0.61,BUY,-78,0.61,0.63
2026-01-04T17:01:53.507101Z,price_change,0.61,BUY,-50,0.61,0.63
2026-01-04T17:01:53.507101Z,price_change,0.61,BUY,-250,0.61,0.63
2026-01-04T17:01:53.507101Z,price_change,0.61,BUY,-8000,0.6,0.63
2026-01-04T17:01:53.529814Z,price_change,0.34,BUY,-375,0.6,0.63
2026-01-04T17:01:53.532994Z,price_change,0.33,BUY,428,0.6,0.63
2026-01-04T17:01:53.548594Z,price_change,0.59,BUY,250,0.6,0.63
2026-01-04T17:01:53.709109Z,price_change,0.61,BUY,8000,0.61,0.63
2026-01-04T17:01:53.709991Z,price_change,0.6599999999999999,SELL,8000,0.61,0.63
2026-01-04T17:01:53.716451Z,price_change,0.6699999999999999,SELL,-8000,0.61,0.63
2026-01-04T17:01:53.734676Z,price_change,0.59,BUY,-250,0.61,0.63
2026-01-04T17:01:57.592533Z,price_change,0.63,SELL,-50,0.61,0.63
2026-01-04T17:01:57.606991Z,price_change,0.61,BUY,250,0.61,0.63
2026-01-04T17:01:59.546564Z,price_change,0.63,SELL,-5,0.61,0.63
2026-01-04T17:02:00.749595Z,price_change,0.63,SELL,-22,0.61,0.63
2026-01-04T17:02:02.449871Z,price_change,0.61,BUY,-8000,0.61,0.63
2026-01-04T17:02:02.449871Z,price_change,0.61,BUY,-250,0.6,0.63
2026-01-04T17:02:02.493343Z,price_change,0.59,BUY,250,0.6,0.63
2026-01-04T17:02:02.784619Z,price_change,0.6,BUY,8000,0.6,0.63
2026-01-04T17:02:03.666936Z,price_change,0.63,SELL,-261,0.6,0.63
2026-01-04T17:02:08.60891Z,price_change,0.63,SELL,-21,0.6,0.63
2026-01-04T17:02:17.296546Z,price_change,0.63,SELL,100,0.6,0.63
2026-01-04T17:02:17.29801Z,price_change,0.64,SELL,-100,0.6,0.63
2026-01-04T17:02:17.331109Z,price_change,0.56,BUY,-248,0.6,0.63
2026-01-04T17:02:17.331109Z,price_change,0.55,BUY,248,0.6,0.63
2026-01-04T17:02:17.335226Z,price_change,0.6699999999999999,SELL,24,0.6,0.63
2026-01-04T17:02:18.917046Z,price_change,0.6,BUY,-8000,0.6,0.63
2026-01-04T17:02:18.91877Z,price_change,0.6599999999999999,SELL,-8000,0.6,0.63
2026-01-04T17:02:18.925031Z,price_change,0.59,BUY,-250,0.6,0.63
2026-01-04T17:02:18.938694Z,price_change,0.63,SELL,-1000,0.6,0.63
2026-01-04T17:02:18.967664Z,price_change,0.55,BUY,-126,0.6,0.63
2026-01-04T17:02:19.074558Z,price_change,0.6,BUY,200,0.6,0.63
2026-01-04T17:02:19.076116Z,price_change,0.64,SELL,200,0.6,0.63
2026-01-04T17:02:19.14079Z,price_change,0.63,SELL,-6081,0.6,0.63
2026-01-04T17:02:19.149071Z,price_change,0.64,SELL,6250,0.6,0.63
2026-01-04T17:02:19.168587Z,price_change,0.63,SELL,1000,0.6,0.63
2026-01-04T17:02:19.170697Z,price_change,0.55,BUY,126,0.6,0.63
2026-01-04T17:02:19.255669Z,price_change,0.63,SELL,-1000,0.6,0.63
2026-01-04T17:02:19.347062Z,price_change,0.6,BUY,-31,0.6,0.63
2026-01-04T17:02:19.347874Z,price_change,0.6599999999999999,SELL,-75,0.6,0.63
2026-01-04T17:02:19.37658Z,price_change,0.55,BUY,-38,0.6,0.63
2026-01-04T17:02:19.40201Z,price_change,0.59,BUY,31,0.6,0.63
2026-01-04T17:02:19.430154Z,price_change,0.65,SELL,75,0.6,0.63
2026-01-04T17:02:19.569736Z,price_change,0.65,SELL,-75,0.6,0.63
2026-01-04T17:02:19.570599Z,price_change,0.59,BUY,-31,0.6,0.63
2026-01-04T17:02:19.592766Z,price_change,0.63,SELL,1000,0.6,0.63
2026-01-04T17:02:19.677662Z,price_change,0.63,SELL,-100,0.6,0.63
2026-01-04T17:02:19.680595Z,price_change,0.65,SELL,100,0.6,0.63
2026-01-04T17:02:19.946681Z,price_change,0.63,SELL,-1000,0.6,0.63
2026-01-04T17:02:19.954818Z,price_change,0.61,BUY,200,0.61,0.63
2026-01-04T17:02:19.955638Z,price_change,0.6,BUY,-200,0.61,0.63
2026-01-04T17:02:19.976071Z,price_change,0.6,BUY,250,0.61,0.63
2026-01-04T17:02:20.150829Z,price_change,0.6,BUY,-250,0.61,0.63
2026-01-04T17:02:20.433103Z,price_change,0.83,SELL,117,0.61,0.63
2026-01-04T17:02:20.997098Z,price_change,0.63,SELL,-300,0.61,0.63
2026-01-04T17:02:21.021265Z,price_change,0.55,BUY,-210,0.61,0.63
2026-01-04T17:02:21.021265Z,price_change,0.56,BUY,140,0.61,0.63
2026-01-04T17:02:21.358486Z,price_change,0.77,SELL,500,0.61,0.63
2026-01-04T17:02:21.359421Z,price_change,0.76,SELL,500,0.61,0.63
2026-01-04T17:02:21.360406Z,price_change,0.75,SELL,500,0.61,0.63
2026-01-04T17:02:21.361297Z,price_change,0.74,SELL,500,0.61,0.63
2026-01-04T17:02:21.362172Z,price_change,0.73,SELL,500,0.61,0.63
2026-01-04T17:02:21.363045Z,price_change,0.72,SELL,500,0.61,0.63
2026-01-04T17:02:21.364359Z,price_change,0.71,SELL,500,0.61,0.63
2026-01-04T17:02:21.365403Z,price_change,0.7,SELL,500,0.61,0.63
2026-01-04T17:02:21.366218Z,price_change,0.69,SELL,500,0.61,0.63
2026-01-04T17:02:21.367198Z,price_change,0.6799999999999999,SELL,500,0.61,0.63
2026-01-04T17:02:21.368006Z,price_change,0.6699999999999999,SELL,500,0.61,0.63
2026-01-04T17:02:21.368754Z,price_change,0.6599999999999999,SELL,500,0.61,0.63
2026-01-04T17:02:21.369531Z,price_change,0.65,SELL,500,0.61,0.63
2026-01-04T17:02:21.370432Z,price_change,0.64,SELL,500,0.61,0.63
2026-01-04T17:02:21.371309Z,price_change,0.63,SELL,500,0.61,0.63
2026-01-04T17:02:21.601952Z,price_change,0.61,BUY,-200,0.59,0.63
2026-01-04T17:02:21.602773Z,price_change,0.64,SELL,-200,0.59,0.63
2026-01-04T17:02:21.763618Z,price_change,0.61,BUY,50,0.61,0.63
2026-01-04T17:02:21.765291Z,price_change,0.64,SELL,50,0.61,0.63
2026-01-04T17:02:22.299133Z,price_change,0.65,SELL,-100,0.61,0.63
2026-01-04T17:02:22.333408Z,price_change,0.64,SELL,100,0.61,0.63
2026-01-04T17:02:22.576003Z,price_change,0.6,BUY,31,0.61,0.63
2026-01-04T17:02:22.644162Z,price_change,0.6599999999999999,SELL,75,0.61,0.63
2026-01-04T17:02:24.298104Z,price_change,0.63,SELL,100,0.61,0.63
2026-01-04T17:02:24.325517Z,price_change,0.56,BUY,-140,0.61,0.63
2026-01-04T17:02:24.325517Z,price_change,0.55,BUY,52,0.61,0.63
2026-01-04T17:02:24.438659Z,price_change,0.63,SELL,-3,0.61,0.63
2026-01-04T17:02:30.723869Z,price_change,0.63,SELL,-1,0.61,0.63
2026-01-04T17:02:30.749865Z,price_change,0.55,BUY,-52,0.61,0.63
2026-01-04T17:02:30.749865Z,price_change,0.56,BUY,30,0.61,0.63
2026-01-04T17:02:31.177668Z,price_change,0.6599999999999999,SELL,282,0.61,0.63
2026-01-04T17:02:31.543578Z,price_change,0.61,BUY,-50,0.6,0.63
2026-01-04T17:02:31.645987Z,price_change,0.63,SELL,80,0.6,0.63
2026-01-04T17:02:31.647647Z,price_change,0.58,BUY,80,0.6,0.63
2026-01-04T17:02:31.674878Z,price_change,0.6599999999999999,SELL,-282,0.6,0.63
2026-01-04T17:02:31.728085Z,price_change,0.61,BUY,100,0.61,0.63
2026-01-04T17:02:32.088058Z,price_change,0.61,BUY,-100,0.6,0.63
2026-01-04T17:02:32.088835Z,price_change,0.64,SELL,-50,0.6,0.63
2026-01-04T17:02:32.09509Z,price_change,0.64,SELL,-6250,0.6,0.63
2026-01-04T17:02:32.097334Z,price_change,0.62,SELL,5921,0.6,0.62
2026-01-04T17:02:32.115319Z,price_change,0.57,BUY,3947,0.6,0.62
2026-01-04T17:02:32.116107Z,price_change,0.59,BUY,-3814,0.6,0.62
2026-01-04T17:02:32.12735Z,price_change,0.56,BUY,-30,0.6,0.62
2026-01-04T17:02:32.12735Z,price_change,0.55,BUY,52,0.6,0.62
2026-01-04T17:02:32.30157Z,price_change,0.63,SELL,-100,0.6,0.62
2026-01-04T17:02:32.30247Z,price_change,0.63,SELL,100,0.6,0.62
2026-01-04T17:02:32.303017Z,price_change,0.64,SELL,-100,0.6,0.62
2026-01-04T17:02:32.326311Z,price_change,0.62,SELL,100,0.6,0.62
2026-01-04T17:02:32.328651Z,price_change,0.33,BUY,-428,0.6,0.62
2026-01-04T17:02:32.331546Z,price_change,0.32,BUY,-644,0.6,0.62
2026-01-04T17:02:32.332928Z,price_change,0.34,BUY,601,0.6,0.62
2026-01-04T17:02:32.334338Z,price_change,0.37,BUY,421,0.6,0.62
2026-01-04T17:02:32.372113Z,price_change,0.63,SELL,-1,0.6,0.62
2026-01-04T17:02:32.384656Z,price_change,0.6599999999999999,SELL,-75,0.6,0.62
2026-01-04T17:02:32.386312Z,price_change,0.6,BUY,-31,0.59,0.62
2026-01-04T17:02:32.390615Z,price_change,0.77,SELL,-500,0.59,0.62
2026-01-04T17:02:32.41692Z,price_change,0.55,BUY,-52,0.59,0.62
2026-01-04T17:02:32.41692Z,price_change,0.54,BUY,248,0.59,0.62
2026-01-04T17:02:32.420353Z,price_change,0.64,SELL,-50,0.59,0.62
2026-01-04T17:02:32.420353Z,price_change,0.63,SELL,50,0.59,0.62
2026-01-04T17:02:32.446462Z,price_change,0.57,BUY,50,0.59,0.62
2026-01-04T17:02:32.611413Z,price_change,0.62,SELL,1,0.59,0.62
2026-01-04T17:02:32.683508Z,price_change,0.62,SELL,500,0.59,0.62
2026-01-04T17:02:32.707218Z,price_change,0.54,BUY,-248,0.59,0.62
2026-01-04T17:02:32.707218Z,price_change,0.56,BUY,248,0.59,0.62
2026-01-04T17:02:33.30551Z,price_change,0.63,SELL,-100,0.59,0.62
2026-01-04T17:02:33.306214Z,price_change,0.62,SELL,100,0.59,0.62
2026-01-04T17:02:34.182821Z,price_change,0.62,SELL,1000,0.59,0.62
2026-01-04T17:02:34.544298Z,price_change,0.62,SELL,-1,0.59,0.62
2026-01-04T17:02:34.710791Z,price_change,0.58,BUY,-80,0.59,0.62
2026-01-04T17:02:37.307392Z,price_change,0.62,SELL,-100,0.59,0.62
2026-01-04T17:02:37.307528Z,price_change,0.63,SELL,100,0.59,0.62
2026-01-04T17:02:37.793279Z,price_change,0.63,SELL,-80,0.59,0.62
2026-01-04T17:02:38.305055Z,price_change,0.62,SELL,-100,0.59,0.62
2026-01-04T17:02:38.30619Z,price_change,0.63,SELL,-100,0.59,0.62
2026-01-04T17:02:38.308471Z,price_change,0.62,SELL,100,0.59,0.62
2026-01-04T17:02:38.330871Z,price_change,0.56,BUY,-248,0.59,0.62
2026-01-04T17:02:38.330871Z,price_change,0.55,BUY,248,0.59,0.62
2026-01-04T17:02:38.336957Z,price_change,0.61,SELL,100,0.59,0.61
2026-01-04T17:02:38.885828Z,price_change,0.62,SELL,-1000,0.59,0.61
2026-01-04T17:02:38.901774Z,price_change,0.61,SELL,1000,0.59,0.61
2026-01-04T17:02:38.927449Z,price_change,0.55,BUY,-248,0.59,0.61
2026-01-04T17:02:38.927449Z,price_change,0.56,BUY,14,0.59,0.61
2026-01-04T17:02:39.686556Z,price_change,0.61,SELL,30,0.59,0.61
2026-01-04T17:02:39.687929Z,price_change,0.56,BUY,30,0.59,0.61
2026-01-04T17:02:39.715183Z,price_change,0.56,BUY,-14,0.59,0.61
2026-01-04T17:02:39.715183Z,price_change,0.55,BUY,248,0.59,0.61
2026-01-04T17:02:39.78457Z,price_change,0.61,SELL,-100,0.59,0.61
2026-01-04T17:02:39.78457Z,price_change,0.61,SELL,-100,0.59,0.61
2026-01-04T17:02:39.813611Z,price_change,0.6699999999999999,SELL,-248,0.59,0.61
2026-01-04T17:02:39.813611Z,price_change,0.6599999999999999,SELL,21,0.59,0.61
2026-01-04T17:02:39.824536Z,price_change,0.61,SELL,-900,0.59,0.61
2026-01-04T17:02:39.837975Z,price_change,0.62,SELL,1000,0.59,0.61
2026-01-04T17:02:40.697771Z,price_change,0.63,SELL,-50,0.59,0.61
2026-01-04T17:02:41.746429Z,price_change,0.58,BUY,3879,0.59,0.61
2026-01-04T17:02:41.766776Z,price_change,0.57,BUY,-3947,0.59,0.61
2026-01-04T17:02:42.285706Z,price_change,0.62,SELL,1,0.59,0.61
2026-01-04T17:02:42.323365Z,price_change,0.61,SELL,100,0.59,0.61
2026-01-04T17:02:42.344665Z,price_change,0.62,SELL,-1000,0.59,0.61
2026-01-04T17:02:42.350347Z,price_change,0.55,BUY,-248,0.59,0.61
2026-01-04T17:02:42.350347Z,price_change,0.54,BUY,84,0.59,0.61
2026-01-04T17:02:42.362365Z,price_change,0.61,SELL,1000,0.59,0.61
2026-01-04T17:02:43.497738Z,price_change,0.76,SELL,-500,0.59,0.61
2026-01-04T17:02:43.4992Z,price_change,0.75,SELL,-500,0.59,0.61
2026-01-04T17:02:43.755852Z,price_change,0.61,SELL,500,0.59,0.61
2026-01-04T17:02:43.756573Z,price_change,0.6,SELL,500,0.59,0.6
2026-01-04T17:02:43.784956Z,price_change,0.54,BUY,-70,0.59,0.6
2026-01-04T17:02:43.839827Z,price_change,0.62,SELL,-1,0.59,0.6
2026-01-04T17:02:43.839827Z,price_change,0.61,SELL,1,0.59,0.6
2026-01-04T17:02:43.99122Z,price_change,0.61,SELL,1,0.59,0.6
2026-01-04T17:02:45.038107Z,price_change,0.6,SELL,-21,0.59,0.6
2026-01-04T17:02:45.068808Z,price_change,0.54,BUY,-14,0.59,0.6
2026-01-04T17:02:45.068808Z,price_change,0.53,BUY,248,0.59,0.6
2026-01-04T17:02:45.313719Z,price_change,0.62,SELL,-100,0.59,0.6
2026-01-04T17:02:45.31495Z,price_change,0.61,SELL,100,0.59,0.6
2026-01-04T17:02:45.886085Z,price_change,0.59,BUY,247,0.59,0.6
2026-01-04T17:02:46.313569Z,price_change,0.61,SELL,-100,0.59,0.6
2026-01-04T17:02:46.336756Z,price_change,0.6,SELL,100,0.59,0.6
2026-01-04T17:02:48.99286Z,price_change,0.61,SELL,-1000,0.59,0.6
2026-01-04T17:02:49.110845Z,price_change,0.57,BUY,100,0.59,0.6
2026-01-04T17:02:49.11257Z,price_change,0.61,SELL,100,0.59,0.6
2026-01-04T17:02:49.418216Z,price_change,0.62,SELL,75,0.59,0.6
2026-01-04T17:02:49.420279Z,price_change,0.56,BUY,31,0.59,0.6
2026-01-04T17:02:49.432147Z,price_change,0.61,SELL,50,0.59,0.6
2026-01-04T17:02:49.432721Z,price_change,0.57,BUY,-50,0.59,0.6
2026-01-04T17:02:50.368734Z,price_change,0.6,SELL,-124,0.59,0.6
2026-01-04T17:02:50.400597Z,price_change,0.6599999999999999,SELL,70,0.59,0.6
2026-01-04T17:02:50.992792Z,price_change,0.01,BUY,55,0.59,0.6
2026-01-04T17:02:51.174182Z,price_change,0.6,SELL,-32,0.59,0.6
2026-01-04T17:02:51.502587Z,price_change,0.6,SELL,-40,0.59,0.6
2026-01-04T17:02:55.789461Z,price_change,0.6,SELL,-80,0.59,0.6
2026-01-04T17:02:55.824884Z,price_change,0.53,BUY,-1,0.59,0.6
2026-01-04T17:02:55.891913Z,price_change,0.6,SELL,-203,0.59,0.6
2026-01-04T17:02:55.891913Z,price_change,0.6,SELL,-100,0.59,0.61
2026-01-04T17:02:55.891913Z,price_change,0.6,BUY,5697,0.6,0.61
2026-01-04T17:02:55.922629Z,price_change,0.61,SELL,-100,0.6,0.61
2026-01-04T17:02:55.925055Z,price_change,0.62,SELL,100,0.6,0.61
2026-01-04T17:02:56.114775Z,price_change,0.6,BUY,1,0.6,0.61
2026-01-04T17:02:57.278422Z,price_change,0.75,SELL,500,0.6,0.61
2026-01-04T17:02:57.355886Z,price_change,0.61,SELL,-50,0.6,0.61
2026-01-04T17:02:57.355886Z,price_change,0.62,SELL,50,0.6,0.61
2026-01-04T17:02:57.426009Z,price_change,0.61,SELL,-1,0.6,0.61
2026-01-04T17:02:57.426009Z,price_change,0.62,SELL,1,0.6,0.61
2026-01-04T17:02:57.510052Z,price_change,0.61,SELL,-1,0.6,0.61
2026-01-04T17:02:57.510052Z,price_change,0.62,SELL,1,0.6,0.61
2026-01-04T17:02:57.537881Z,price_change,0.53,BUY,-247,0.6,0.61
2026-01-04T17:02:57.537881Z,price_change,0.54,BUY,1,0.6,0.61
2026-01-04T17:03:00.000746Z,price_change,0.33,BUY,-246,0.6,0.61
2026-01-04T17:03:00.000746Z,price_change,0.29,BUY,-1402,0.6,0.61
2026-01-04T17:03:00.000746Z,price_change,0.31,BUY,-442,0.6,0.61
2026-01-04T17:03:00.000746Z,price_change,0.3,BUY,-821,0.6,0.61
2026-01-04T17:03:00.000746Z,price_change,0.8,SELL,-19,0.6,0.61
2026-01-04T17:03:00.000746Z,price_change,0.36,BUY,-12,0.6,0.61
2026-01-04T17:03:00.000746Z,price_change,0.84,SELL,-1330,0.6,0.61
2026-01-04T17:03:00.000746Z,price_change,0.83,SELL,-1330,0.6,0.61
2026-01-04T17:03:00.000746Z,price_change,0.8200000000000001,SELL,-19,0.6,0.61
2026-01-04T17:03:00.568296Z,price_change,0.61,SELL,-30,0.6,0.61
2026-01-04T17:03:00.568296Z,price_change,0.61,SELL,-57,0.6,0.61
2026-01-04T17:03:00.582678Z,price_change,0.8200000000000001,SELL,-480,0.6,0.61
2026-01-04T17:03:00.586311Z,price_change,0.81,SELL,-594,0.6,0.61
2026-01-04T17:03:00.587553Z,price_change,0.37,BUY,-421,0.6,0.61
2026-01-04T17:03:00.588801Z,price_change,0.34,BUY,-601,0.6,0.61
2026-01-04T17:03:00.589743Z,price_change,0.84,SELL,635,0.6,0.61
2026-01-04T17:03:00.590809Z,price_change,0.29,BUY,577,0.6,0.61
2026-01-04T17:03:00.591692Z,price_change,0.54,BUY,70,0.6,0.61
2026-01-04T17:03:00.85055Z,price_change,0.61,SELL,25,0.6,0.61
2026-01-04T17:03:03.156333Z,price_change,0.6,BUY,-5697,0.6,0.61
2026-01-04T17:03:03.171825Z,price_change,0.31,BUY,480,0.6,0.61
2026-01-04T17:03:03.175797Z,price_change,0.83,SELL,425,0.6,0.61
2026-01-04T17:03:03.180911Z,price_change,0.54,BUY,-43,0.6,0.61
2026-01-04T17:03:03.325816Z,price_change,0.61,SELL,60,0.6,0.61
2026-01-04T17:03:07.270317Z,price_change,0.61,SELL,-1,0.6,0.61
2026-01-04T17:03:07.298728Z,price_change,0.54,BUY,-2,0.6,0.61
2026-01-04T17:03:11.771899Z,price_change,0.62,SELL,-5921,0.6,0.61
2026-01-04T17:03:11.778655Z,price_change,0.64,SELL,6250,0.6,0.61
2026-01-04T17:03:11.788123Z,price_change,0.58,BUY,-3879,0.6,0.61
2026-01-04T17:03:11.805323Z,price_change,0.59,BUY,3814,0.6,0.61
2026-01-04T17:03:11.949886Z,price_change,0.62,SELL,25,0.6,0.61
2026-01-04T17:03:12.110224Z,price_change,0.61,SELL,-25,0.6,0.61
2026-01-04T17:03:12.134009Z,price_change,0.54,BUY,221,0.6,0.61
2026-01-04T17:03:13.961289Z,price_change,0.61,SELL,-442,0.6,0.61
2026-01-04T17:03:13.961289Z,price_change,0.61,SELL,-100,0.6,0.61
2026-01-04T17:03:13.961289Z,price_change,0.61,SELL,-60,0.6,0.62
2026-01-04T17:03:13.987217Z,price_change,0.6599999999999999,SELL,-21,0.6,0.62
2026-01-04T17:03:14.146292Z,price_change,0.61,SELL,100,0.6,0.61
2026-01-04T17:03:14.265724Z,price_change,0.64,SELL,-6250,0.6,0.61
2026-01-04T17:03:14.271015Z,price_change,0.63,SELL,6081,0.6,0.61
2026-01-04T17:03:14.297428Z,price_change,0.57,BUY,-100,0.6,0.61
2026-01-04T17:03:14.299158Z,price_change,0.61,SELL,-100,0.6,0.62
2026-01-04T17:03:14.729465Z,price_change,0.63,SELL,-1919,0.6,0.62
2026-01-04T17:03:14.729465Z,price_change,0.61,SELL,1919,0.6,0.61
2026-01-04T17:03:14.760044Z,price_change,0.6599999999999999,SELL,-70,0.6,0.61
2026-01-04T17:03:14.760044Z,price_change,0.6699999999999999,SELL,247,0.6,0.61
2026-01-04T17:03:14.794115Z,price_change,0.62,SELL,-1,0.6,0.61
2026-01-04T17:03:14.835822Z,price_change,0.63,SELL,100,0.6,0.61
2026-01-04T17:03:14.837125Z,price_change,0.62,SELL,-100,0.6,0.61
2026-01-04T17:03:14.852739Z,price_change,0.61,SELL,-100,0.6,0.61
2026-01-04T17:03:14.890601Z,price_change,0.62,SELL,-1,0.6,0.61
2026-01-04T17:03:15.293331Z,price_change,0.57,BUY,25,0.6,0.61
2026-01-04T17:03:15.326574Z,price_change,0.62,SELL,-75,0.6,0.61
2026-01-04T17:03:15.32837Z,price_change,0.56,BUY,-31,0.6,0.61
2026-01-04T17:03:15.402076Z,price_change,0.6,BUY,31,0.6,0.61
2026-01-04T17:03:15.426685Z,price_change,0.54,BUY,-247,0.6,0.61
2026-01-04T17:03:15.426685Z,price_change,0.56,BUY,70,0.6,0.61
2026-01-04T17:03:15.435232Z,price_change,0.6599999999999999,SELL,75,0.6,0.61
2026-01-04T17:03:15.672579Z,price_change,0.57,BUY,-25,0.6,0.61
2026-01-04T17:03:15.868777Z,price_change,0.6,BUY,100,0.6,0.61
2026-01-04T17:03:15.870288Z,price_change,0.64,SELL,100,0.6,0.61
2026-01-04T17:03:15.895623Z,price_change,0.56,BUY,-28,0.6,0.61
2026-01-04T17:03:17.021641Z,price_change,0.76,SELL,500,0.6,0.61
2026-01-04T17:03:17.100285Z,price_change,0.6,BUY,250,0.6,0.61
2026-01-04T17:03:17.540745Z,price_change,0.62,SELL,-25,0.6,0.61
2026-01-04T17:03:18.580659Z,price_change,0.6,BUY,325,0.6,0.61
2026-01-04T17:03:19.967646Z,price_change,0.63,SELL,26,0.6,0.61
2026-01-04T17:03:22.166418Z,price_change,0.61,SELL,-6,0.6,0.61
2026-01-04T17:03:22.197749Z,price_change,0.56,BUY,28,0.6,0.61
2026-01-04T17:03:23.3981Z,price_change,0.58,BUY,26,0.6,0.61
2026-01-04T17:03:24.00165Z,price_change,0.56,BUY,-30,0.6,0.61
2026-01-04T17:03:24.62498Z,price_change,0.61,SELL,-1813,0.6,0.62
2026-01-04T17:03:24.991402Z,price_change,0.62,SELL,50,0.6,0.62
2026-01-04T17:03:25.013364Z,price_change,0.62,SELL,46,0.6,0.62
2026-01-04T17:03:25.018362Z,price_change,0.56,BUY,177,0.6,0.62
2026-01-04T17:03:25.08972Z,price_change,0.6,BUY,-250,0.6,0.62
2026-01-04T17:03:25.119402Z,price_change,0.56,BUY,-177,0.6,0.62
2026-01-04T17:03:25.30557Z,price_change,0.63,SELL,-26,0.6,0.62
2026-01-04T17:03:25.305613Z,price_change,0.62,SELL,-50,0.6,0.62
2026-01-04T17:03:25.305613Z,price_change,0.63,SELL,50,0.6,0.62
2026-01-04T17:03:26.457902Z,price_change,0.58,BUY,-26,0.6,0.62
2026-01-04T17:03:26.602039Z,price_change,0.6,BUY,-100,0.6,0.62
2026-01-04T17:03:26.603368Z,price_change,0.64,SELL,-100,0.6,0.62
2026-01-04T17:03:26.740574Z,price_change,0.6,BUY,-31,0.6,0.62
2026-01-04T17:03:26.74212Z,price_change,0.6599999999999999,SELL,-75,0.6,0.62
2026-01-04T17:03:26.782651Z,price_change,0.56,BUY,-70,0.6,0.62
2026-01-04T17:03:26.782651Z,price_change,0.55,BUY,119,0.6,0.62
2026-01-04T17:03:27.631202Z,price_change,0.62,SELL,-50,0.6,0.62
2026-01-04T17:03:27.631202Z,price_change,0.63,SELL,50,0.6,0.62
2026-01-04T17:03:27.656827Z,price_change,0.55,BUY,128,0.6,0.62
2026-01-04T17:03:28.112885Z,price_change,0.64,SELL,26,0.6,0.62
2026-01-04T17:03:30.461876Z,price_change,0.62,SELL,-46,0.6,0.62
2026-01-04T17:03:30.461876Z,price_change,0.63,SELL,48,0.6,0.62
2026-01-04T17:03:30.772501Z,price_change,0.62,SELL,-9,0.6,0.62
2026-01-04T17:03:30.942853Z,price_change,0.62,SELL,-250,0.6,0.62
2026-01-04T17:03:31.639223Z,price_change,0.58,BUY,26,0.6,0.62
2026-01-04T17:03:32.299723Z,price_change,0.62,SELL,-31,0.6,0.62
2026-01-04T17:03:32.370571Z,price_change,0.64,SELL,-26,0.6,0.62
2026-01-04T17:03:33.643534Z,price_change,0.62,SELL,-210,0.6,0.63
2026-01-04T17:03:35.052683Z,price_change,0.5,BUY,50,0.6,0.63
2026-01-04T17:03:36.13048Z,price_change,0.64,SELL,26,0.6,0.63
2026-01-04T17:03:36.524072Z,price_change,0.63,SELL,-50,0.6,0.63
2026-01-04T17:03:36.524072Z,price_change,0.64,SELL,50,0.6,0.63
2026-01-04T17:03:36.943661Z,price_change,0.63,SELL,-500,0.6,0.63
2026-01-04T17:03:36.943661Z,price_change,0.63,SELL,-84,0.6,0.63
2026-01-04T17:03:38.053784Z,price_change,0.63,SELL,-350,0.6,0.63
2026-01-04T17:03:38.053784Z,price_change,0.63,SELL,-5647,0.6,0.63
2026-01-04T17:03:38.053784Z,price_change,0.59,BUY,-3814,0.6,0.63
2026-01-04T17:03:38.613794Z,price_change,0.77,SELL,500,0.6,0.63
2026-01-04T17:03:38.61553Z,price_change,0.63,SELL,500,0.6,0.63
2026-01-04T17:03:40.011187Z,price_change,0.59,BUY,26,0.6,0.63
2026-01-04T17:03:40.393644Z,price_change,0.63,SELL,-100,0.6,0.63
2026-01-04T17:03:40.393644Z,price_change,0.63,SELL,-50,0.6,0.63
