timestamp,event_type,price,side,size,best_bid,best_ask
,book,0.2700,BUY,200,0.2700,0.28
,book,0.28,SELL,1226,0.2700,0.28
2026-01-03T20:48:20.262768Z,price_change,0.28,SELL,-20,0.27,0.28
2026-01-03T20:48:20.331706Z,price_change,0.29000000000000004,SELL,-2,0.27,0.28
2026-01-03T20:48:20.336277Z,price_change,0.29000000000000004,SELL,-5,0.27,0.28
2026-01-03T20:48:23.904836Z,price_change,0.28,SELL,-34,0.27,0.28
2026-01-03T20:48:24.049425Z,price_change,0.29000000000000004,SELL,1,0.27,0.28
2026-01-03T20:48:24.261442Z,price_change,0.29000000000000004,SELL,-67,0.27,0.28
2026-01-03T20:48:29.516375Z,price_change,0.28,SELL,-3,0.27,0.28
2026-01-03T20:48:41.424109Z,price_change,0.25,BUY,100,0.27,0.28
2026-01-03T20:48:43.453059Z,price_change,0.28,SELL,-33,0.27,0.28
2026-01-03T20:48:49.43296Z,price_change,0.27,BUY,-16,0.27,0.28
2026-01-03T20:48:49.43296Z,price_change,0.27,BUY,-154,0.27,0.28
2026-01-03T20:48:49.532811Z,price_change,0.27,BUY,10,0.27,0.28
2026-01-03T20:48:49.642585Z,price_change,0.28,SELL,-150,0.27,0.28
2026-01-03T20:48:50.721355Z,price_change,0.27,BUY,170,0.27,0.28
2026-01-03T20:48:51.977711Z,price_change,0.30000000000000004,SELL,-50,0.27,0.28
2026-01-03T20:48:52.759338Z,price_change,0.28,SELL,-25,0.27,0.28
2026-01-03T20:49:02.685592Z,price_change,0.28,SELL,-166,0.27,0.28
2026-01-03T20:49:03.500644Z,price_change,0.28,SELL,-500,0.27,0.28
2026-01-03T20:49:04.586144Z,price_change,0.28,SELL,-3,0.27,0.28
2026-01-03T20:49:07.677153Z,price_change,0.28,SELL,-17,0.27,0.28
2026-01-03T20:49:08.195483Z,price_change,0.27,BUY,-10,0.27,0.28
2026-01-03T20:49:18.829689Z,price_change,0.28,SELL,-2,0.27,0.28
2026-01-03T20:49:18.929478Z,price_change,0.27,BUY,10,0.27,0.28
2026-01-03T20:49:20.04642Z,price_change,0.27,BUY,-10,0.27,0.28
2026-01-03T20:49:24.799895Z,price_change,0.28,SELL,-34,0.27,0.28
2026-01-03T20:49:24.896827Z,price_change,0.27,BUY,10,0.27,0.28
2026-01-03T20:49:24.993465Z,price_change,0.27,BUY,-10,0.27,0.28
2026-01-03T20:49:25.22424Z,price_change,0.5800000000000001,SELL,-300,0.27,0.28
2026-01-03T20:49:28.95686Z,price_change,0.28,SELL,-17,0.27,0.28
2026-01-03T20:49:33.001174Z,price_change,0.28,SELL,-222,0.27,0.29
2026-01-03T20:49:33.001174Z,price_change,0.23,BUY,-600,0.27,0.29
2026-01-03T20:49:33.30102Z,price_change,0.27,BUY,10,0.27,0.29
2026-01-03T20:49:35.042893Z,price_change,0.27,BUY,-10,0.27,0.29
2026-01-03T20:49:35.395123Z,price_change,0.29000000000000004,SELL,-500,0.27,0.29
2026-01-03T20:49:35.656294Z,price_change,0.27,BUY,10,0.27,0.29
2026-01-03T20:49:35.75441Z,price_change,0.27,BUY,-10,0.27,0.29
2026-01-03T20:49:36.948601Z,price_change,0.29000000000000004,SELL,-38,0.27,0.29
2026-01-03T20:49:37.151159Z,price_change,0.27,BUY,10,0.27,0.29
2026-01-03T20:49:37.365418Z,price_change,0.29000000000000004,SELL,-6,0.27,0.29
2026-01-03T20:49:37.639358Z,price_change,0.88,SELL,300,0.27,0.29
2026-01-03T20:49:37.929925Z,price_change,0.27,BUY,-10,0.27,0.29
2026-01-03T20:49:38.038851Z,price_change,0.27,BUY,10,0.27,0.29
2026-01-03T20:49:38.494383Z,price_change,0.29000000000000004,SELL,-16,0.27,0.29
2026-01-03T20:49:38.970537Z,price_change,0.27,BUY,-10,0.27,0.29
2026-01-03T20:49:50.258216Z,price_change,0.30000000000000004,SELL,67,0.27,0.29
2026-01-03T20:49:51.242848Z,price_change,0.29000000000000004,SELL,-10,0.27,0.29
2026-01-03T20:49:59.665391Z,price_change,0.29000000000000004,SELL,-1,0.27,0.29
2026-01-03T20:50:02.012175Z,price_change,0.2,BUY,-2222,0.27,0.29
2026-01-03T20:50:02.013088Z,price_change,0.33999999999999997,SELL,-2222,0.27,0.29
2026-01-03T20:50:02.014181Z,price_change,0.21,BUY,-690,0.27,0.29
2026-01-03T20:50:02.015279Z,price_change,0.32999999999999996,SELL,-690,0.27,0.29
2026-01-03T20:50:05.100263Z,price_change,0.21,BUY,2222,0.27,0.29
2026-01-03T20:50:05.101995Z,price_change,0.37,SELL,2222,0.27,0.29
2026-01-03T20:50:09.155639Z,price_change,0.52,SELL,-5000,0.27,0.29
2026-01-03T20:50:09.970105Z,price_change,0.22,BUY,690,0.27,0.29
2026-01-03T20:50:09.971629Z,price_change,0.36,SELL,690,0.27,0.29
2026-01-03T20:50:18.488026Z,price_change,0.55,SELL,-44,0.27,0.29
2026-01-03T20:50:18.512114Z,price_change,0.5900000000000001,SELL,48,0.27,0.29
2026-01-03T20:50:19.972996Z,price_change,0.29000000000000004,SELL,-3917,0.27,0.29
2026-01-03T20:50:19.972996Z,price_change,0.29000000000000004,SELL,-130,0.27,0.29
2026-01-03T20:50:19.972996Z,price_change,0.29000000000000004,SELL,-1,0.27,0.29
2026-01-03T20:50:19.983908Z,price_change,0.29000000000000004,SELL,130,0.27,0.29
2026-01-03T20:50:19.986586Z,price_change,0.24,BUY,-69,0.27,0.29
2026-01-03T20:50:19.987545Z,price_change,0.29000000000000004,SELL,-130,0.27,0.29
2026-01-03T20:50:19.996571Z,price_change,0.27,BUY,134,0.27,0.29
2026-01-03T20:50:20.000264Z,price_change,0.31999999999999995,SELL,65,0.27,0.29
2026-01-03T20:50:20.000786Z,price_change,0.51,SELL,-309,0.27,0.29
2026-01-03T20:50:20.003826Z,price_change,0.48,SELL,-536,0.27,0.29
2026-01-03T20:50:20.005115Z,price_change,0.5900000000000001,SELL,599,0.27,0.29
2026-01-03T20:50:20.006367Z,price_change,0.5800000000000001,SELL,231,0.27,0.29
2026-01-03T20:50:20.039493Z,price_change,0.30000000000000004,SELL,1,0.27,0.29
2026-01-03T20:50:20.0765Z,price_change,0.30000000000000004,SELL,1,0.27,0.29
2026-01-03T20:50:20.163537Z,price_change,0.29000000000000004,SELL,5000,0.27,0.29
2026-01-03T20:50:20.382032Z,price_change,0.30000000000000004,SELL,-1,0.27,0.29
2026-01-03T20:50:20.382032Z,price_change,0.29000000000000004,SELL,1,0.27,0.29
2026-01-03T20:50:20.387843Z,price_change,0.30000000000000004,SELL,-1,0.27,0.29
2026-01-03T20:50:20.387843Z,price_change,0.29000000000000004,SELL,1,0.27,0.29
2026-01-03T20:50:27.212503Z,price_change,0.29000000000000004,SELL,-2,0.27,0.29
2026-01-03T20:50:27.358997Z,price_change,0.27,BUY,10,0.27,0.29
2026-01-03T20:50:27.454169Z,price_change,0.29000000000000004,SELL,-1,0.27,0.29
2026-01-03T20:50:27.454169Z,price_change,0.30000000000000004,SELL,1,0.27,0.29
2026-01-03T20:50:29.953909Z,price_change,0.29000000000000004,SELL,-3000,0.27,0.29
2026-01-03T20:50:30.006824Z,price_change,0.29000000000000004,SELL,-1,0.27,0.29
2026-01-03T20:50:32.038725Z,price_change,0.30000000000000004,SELL,-1,0.27,0.29
2026-01-03T20:50:32.038725Z,price_change,0.29000000000000004,SELL,1,0.27,0.29
2026-01-03T20:50:32.143513Z,price_change,0.27,BUY,-10,0.27,0.29
2026-01-03T20:50:32.344246Z,price_change,0.29000000000000004,SELL,-32,0.27,0.29
2026-01-03T20:50:32.5621Z,price_change,0.24,BUY,10,0.27,0.29
2026-01-03T20:50:33.034854Z,price_change,0.27,BUY,10,0.27,0.29
2026-01-03T20:50:33.485731Z,price_change,0.29000000000000004,SELL,-1,0.27,0.29
2026-01-03T20:50:33.485731Z,price_change,0.30000000000000004,SELL,1,0.27,0.29
2026-01-03T20:50:33.589418Z,price_change,0.27,BUY,-10,0.27,0.29
2026-01-03T20:50:35.937135Z,price_change,0.29000000000000004,SELL,-16,0.27,0.29
2026-01-03T20:50:39.101144Z,price_change,0.29000000000000004,SELL,-16,0.27,0.29
2026-01-03T20:50:48.600295Z,price_change,0.29000000000000004,SELL,-65,0.27,0.29
2026-01-03T20:50:51.206448Z,price_change,0.29000000000000004,SELL,-113,0.27,0.29
2026-01-03T20:50:51.348574Z,price_change,0.30000000000000004,SELL,-1,0.27,0.29
2026-01-03T20:50:51.348574Z,price_change,0.29000000000000004,SELL,1,0.27,0.29
2026-01-03T20:50:51.458896Z,price_change,0.27,BUY,10,0.27,0.29
2026-01-03T20:50:53.699418Z,price_change,0.27,BUY,-10,0.27,0.29
2026-01-03T20:50:53.850138Z,price_change,0.28,BUY,2000,0.28,0.29
2026-01-03T20:50:53.850625Z,price_change,0.28,BUY,4000,0.28,0.29
2026-01-03T20:50:53.851876Z,price_change,0.36,SELL,3000,0.28,0.29
2026-01-03T20:50:53.851901Z,price_change,0.35,SELL,4000,0.28,0.29
2026-01-03T20:50:53.851928Z,price_change,0.30000000000000004,SELL,4000,0.28,0.29
2026-01-03T20:50:53.85262Z,price_change,0.31000000000000005,SELL,1000,0.28,0.29
2026-01-03T20:50:53.852703Z,price_change,0.9,SELL,18000,0.28,0.29
2026-01-03T20:50:53.853395Z,price_change,0.30000000000000004,SELL,4000,0.28,0.29
2026-01-03T20:50:53.853421Z,price_change,0.25,BUY,4000,0.28,0.29
2026-01-03T20:50:53.853563Z,price_change,0.31000000000000005,SELL,4000,0.28,0.29
2026-01-03T20:50:53.854508Z,price_change,0.6799999999999999,SELL,8000,0.28,0.29
2026-01-03T20:50:53.855468Z,price_change,0.5900000000000001,SELL,4000,0.28,0.29
2026-01-03T20:50:53.855494Z,price_change,0.28,BUY,4000,0.28,0.29
2026-01-03T20:50:53.855531Z,price_change,0.22,BUY,3000,0.28,0.29
2026-01-03T20:50:53.855603Z,price_change,0.31000000000000005,SELL,4000,0.28,0.29
2026-01-03T20:50:53.856191Z,price_change,0.11,BUY,8000,0.28,0.29
2026-01-03T20:50:53.856841Z,price_change,0.1,BUY,18000,0.28,0.29
2026-01-03T20:50:53.879264Z,price_change,0.27,BUY,1000,0.28,0.29
2026-01-03T20:50:54.119033Z,price_change,0.29000000000000004,SELL,-1,0.28,0.29
2026-01-03T20:50:54.119033Z,price_change,0.30000000000000004,SELL,1,0.28,0.29
2026-01-03T20:50:54.179662Z,price_change,0.6799999999999999,SELL,-8000,0.28,0.29
2026-01-03T20:50:54.234632Z,price_change,0.47,SELL,8000,0.28,0.29
2026-01-03T20:50:54.668Z,price_change,0.29000000000000004,SELL,-19,0.28,0.29
2026-01-03T20:50:57.611645Z,price_change,0.31000000000000005,SELL,2000,0.28,0.29
2026-01-03T20:51:00.242153Z,price_change,0.29000000000000004,SELL,-7,0.28,0.29
2026-01-03T20:51:03.512028Z,price_change,0.47,SELL,-8000,0.28,0.29
2026-01-03T20:51:03.554995Z,price_change,0.6799999999999999,SELL,8000,0.28,0.29
2026-01-03T20:51:09.80439Z,price_change,0.29000000000000004,SELL,-6,0.28,0.29
2026-01-03T20:51:11.784612Z,price_change,0.29000000000000004,SELL,-16,0.28,0.29
2026-01-03T20:51:12.359427Z,price_change,0.29000000000000004,SELL,-1708,0.28,0.29
2026-01-03T20:51:12.367846Z,price_change,0.27,BUY,-134,0.28,0.29
2026-01-03T20:51:12.370551Z,price_change,0.31999999999999995,SELL,-65,0.28,0.29
2026-01-03T20:51:12.378509Z,price_change,0.28,BUY,134,0.28,0.29
2026-01-03T20:51:12.382645Z,price_change,0.32999999999999996,SELL,65,0.28,0.29
2026-01-03T20:51:12.418901Z,price_change,0.30000000000000004,SELL,1,0.28,0.29
2026-01-03T20:51:12.546521Z,price_change,0.29000000000000004,SELL,5000,0.28,0.29
2026-01-03T20:51:12.55554Z,price_change,0.26,BUY,-4900,0.28,0.29
2026-01-03T20:51:12.557826Z,price_change,0.28,BUY,-134,0.28,0.29
2026-01-03T20:51:12.562324Z,price_change,0.32999999999999996,SELL,-65,0.28,0.29
2026-01-03T20:51:12.567534Z,price_change,0.28,BUY,134,0.28,0.29
2026-01-03T20:51:12.569937Z,price_change,0.32999999999999996,SELL,65,0.28,0.29
2026-01-03T20:51:12.590111Z,price_change,0.27,BUY,5000,0.28,0.29
2026-01-03T20:51:12.590878Z,price_change,0.6799999999999999,SELL,-8000,0.28,0.29
2026-01-03T20:51:12.612589Z,price_change,0.30000000000000004,SELL,-1,0.28,0.29
2026-01-03T20:51:12.641033Z,price_change,0.27,BUY,-1000,0.28,0.29
2026-01-03T20:51:12.649955Z,price_change,0.29000000000000004,SELL,-5000,0.28,0.29
2026-01-03T20:51:12.667613Z,price_change,0.6799999999999999,SELL,8000,0.28,0.29
2026-01-03T20:51:12.828676Z,price_change,0.27,BUY,1000,0.28,0.29
2026-01-03T20:51:12.830757Z,price_change,0.6799999999999999,SELL,-8000,0.28,0.29
2026-01-03T20:51:12.902415Z,price_change,0.47,SELL,8000,0.28,0.29
2026-01-03T20:51:15.44866Z,price_change,0.31000000000000005,SELL,-1000,0.28,0.29
2026-01-03T20:51:15.475031Z,price_change,0.30000000000000004,SELL,-4000,0.28,0.29
2026-01-03T20:51:15.4775Z,price_change,0.47,SELL,-8000,0.28,0.29
2026-01-03T20:51:15.522785Z,price_change,0.36,SELL,1000,0.28,0.29
2026-01-03T20:51:15.522875Z,price_change,0.6799999999999999,SELL,8000,0.28,0.29
2026-01-03T20:51:18.4467Z,price_change,0.30000000000000004,SELL,-3,0.28,0.29
2026-01-03T20:51:19.879234Z,price_change,0.6,SELL,-2500,0.28,0.29
2026-01-03T20:51:20.728481Z,price_change,0.30000000000000004,SELL,-63,0.28,0.29
2026-01-03T20:51:21.6684Z,price_change,0.30000000000000004,SELL,5000,0.28,0.29
2026-01-03T20:51:22.975992Z,price_change,0.36,SELL,-3000,0.28,0.29
2026-01-03T20:51:22.977148Z,price_change,0.31000000000000005,SELL,-4000,0.28,0.29
2026-01-03T20:51:22.977846Z,price_change,0.25,BUY,-4000,0.28,0.29
2026-01-03T20:51:22.978014Z,price_change,0.31000000000000005,SELL,-2000,0.28,0.29
2026-01-03T20:51:22.978446Z,price_change,0.28,BUY,-4000,0.28,0.29
2026-01-03T20:51:22.978879Z,price_change,0.31000000000000005,SELL,-4000,0.28,0.29
2026-01-03T20:51:22.97926Z,price_change,0.27,BUY,-1000,0.28,0.29
2026-01-03T20:51:22.980218Z,price_change,0.11,BUY,-8000,0.28,0.29
2026-01-03T20:51:22.9813Z,price_change,0.28,BUY,-4000,0.28,0.29
2026-01-03T20:51:22.981404Z,price_change,0.36,SELL,-1000,0.28,0.29
2026-01-03T20:51:22.981954Z,price_change,0.35,SELL,-4000,0.28,0.29
2026-01-03T20:51:22.982108Z,price_change,0.5900000000000001,SELL,-4000,0.28,0.29
2026-01-03T20:51:22.982158Z,price_change,0.6799999999999999,SELL,-8000,0.28,0.29
2026-01-03T20:51:22.982733Z,price_change,0.28,BUY,-2000,0.28,0.29
2026-01-03T20:51:22.982791Z,price_change,0.22,BUY,-3000,0.28,0.29
2026-01-03T20:51:23.023568Z,price_change,0.29000000000000004,SELL,1000,0.28,0.29
2026-01-03T20:51:23.024172Z,price_change,0.29000000000000004,SELL,4000,0.28,0.29
2026-01-03T20:51:23.025516Z,price_change,0.23,BUY,2000,0.28,0.29
2026-01-03T20:51:23.02613Z,price_change,0.22,BUY,4000,0.28,0.29
2026-01-03T20:51:23.02644Z,price_change,0.29000000000000004,SELL,4000,0.28,0.29
2026-01-03T20:51:23.026622Z,price_change,0.30000000000000004,SELL,4000,0.28,0.29
2026-01-03T20:51:23.026622Z,price_change,0.29000000000000004,SELL,4000,0.28,0.29
2026-01-03T20:51:23.026957Z,price_change,0.29000000000000004,SELL,4000,0.28,0.29
2026-01-03T20:51:23.027549Z,price_change,0.29000000000000004,SELL,4000,0.28,0.29
2026-01-03T20:51:23.027576Z,price_change,0.24,BUY,4000,0.28,0.29
2026-01-03T20:51:23.027875Z,price_change,0.45999999999999996,SELL,8000,0.28,0.29
2026-01-03T20:51:23.028729Z,price_change,0.22,BUY,1000,0.28,0.29
2026-01-03T20:51:23.02875Z,price_change,0.24,BUY,4000,0.28,0.29
2026-01-03T20:51:23.02882Z,price_change,0.29000000000000004,SELL,2000,0.28,0.29
2026-01-03T20:51:23.028842Z,price_change,0.05,BUY,3000,0.28,0.29
2026-01-03T20:51:23.028904Z,price_change,0.5800000000000001,SELL,4000,0.28,0.29
2026-01-03T20:51:23.049033Z,price_change,0.5800000000000001,SELL,-231,0.28,0.29
2026-01-03T20:51:23.050402Z,price_change,0.5900000000000001,SELL,-599,0.28,0.29
2026-01-03T20:51:23.051656Z,price_change,0.06,BUY,-230,0.28,0.29
2026-01-03T20:51:23.052716Z,price_change,0.07,BUY,-546,0.28,0.29
2026-01-03T20:51:23.053934Z,price_change,0.61,SELL,617,0.28,0.29
2026-01-03T20:51:23.05538Z,price_change,0.11,BUY,686,0.28,0.29
2026-01-03T20:51:23.056135Z,price_change,0.31000000000000005,SELL,3000,0.28,0.29
2026-01-03T20:51:23.070588Z,price_change,0.28,BUY,-134,0.27,0.29
2026-01-03T20:51:23.071678Z,price_change,0.32999999999999996,SELL,-65,0.27,0.29
2026-01-03T20:51:23.084953Z,price_change,0.27,BUY,134,0.27,0.29
2026-01-03T20:51:23.087382Z,price_change,0.31999999999999995,SELL,65,0.27,0.29
2026-01-03T20:51:23.105483Z,price_change,0.31000000000000005,SELL,-3000,0.27,0.29
2026-01-03T20:51:23.106092Z,price_change,0.6,SELL,216,0.27,0.29
2026-01-03T20:51:23.10704Z,price_change,0.01,BUY,8000,0.27,0.29
2026-01-03T20:51:23.107817Z,price_change,0.5800000000000001,SELL,-4000,0.27,0.29
2026-01-03T20:51:23.147666Z,price_change,0.5900000000000001,SELL,4000,0.27,0.29
2026-01-03T20:51:23.151343Z,price_change,0.36,SELL,3000,0.27,0.29
2026-01-03T20:51:25.064475Z,price_change,0.30000000000000004,SELL,-67,0.27,0.29
2026-01-03T20:51:25.192889Z,price_change,0.23,BUY,-2000,0.27,0.29
2026-01-03T20:51:25.193415Z,price_change,0.24,BUY,-4000,0.27,0.29
2026-01-03T20:51:25.194408Z,price_change,0.24,BUY,-4000,0.27,0.29
2026-01-03T20:51:25.195175Z,price_change,0.29000000000000004,SELL,-4000,0.27,0.29
2026-01-03T20:51:25.244419Z,price_change,0.30000000000000004,SELL,4000,0.27,0.29
2026-01-03T20:51:25.244689Z,price_change,0.25,BUY,2000,0.27,0.29
2026-01-03T20:51:25.245201Z,price_change,0.25,BUY,4000,0.27,0.29
2026-01-03T20:51:25.245523Z,price_change,0.25,BUY,4000,0.27,0.29
2026-01-03T20:51:27.427625Z,price_change,0.29000000000000004,SELL,-1,0.27,0.29
2026-01-03T20:51:27.485424Z,price_change,0.22,BUY,-4000,0.27,0.29
2026-01-03T20:51:27.528168Z,price_change,0.23,BUY,4000,0.27,0.29
2026-01-03T20:51:28.740543Z,price_change,0.29000000000000004,SELL,-225,0.27,0.29
2026-01-03T20:51:28.740543Z,price_change,0.29000000000000004,SELL,-774,0.27,0.29
2026-01-03T20:51:29.223206Z,price_change,0.25,BUY,-4000,0.27,0.29
2026-01-03T20:51:29.223512Z,price_change,0.25,BUY,-4000,0.27,0.29
2026-01-03T20:51:29.277492Z,price_change,0.26,BUY,4000,0.27,0.29
2026-01-03T20:51:29.928201Z,price_change,0.29000000000000004,SELL,-322,0.27,0.29
2026-01-03T20:51:30.271641Z,price_change,0.29000000000000004,SELL,-161,0.27,0.29
2026-01-03T20:51:32.474791Z,price_change,0.29000000000000004,SELL,-66,0.27,0.29
2026-01-03T20:51:34.065699Z,price_change,0.27,BUY,500,0.27,0.29
2026-01-03T20:51:34.066164Z,price_change,0.27,BUY,-5000,0.27,0.29
2026-01-03T20:51:34.067025Z,price_change,0.30000000000000004,SELL,500,0.27,0.29
2026-01-03T20:51:34.067457Z,price_change,0.30000000000000004,SELL,-5000,0.27,0.29
2026-01-03T20:51:34.492783Z,price_change,0.27,BUY,-134,0.27,0.29
2026-01-03T20:51:34.494065Z,price_change,0.31999999999999995,SELL,-65,0.27,0.29
2026-01-03T20:51:34.502832Z,price_change,0.26,BUY,121,0.27,0.29
2026-01-03T20:51:34.504136Z,price_change,0.31000000000000005,SELL,79,0.27,0.29
2026-01-03T20:51:46.255945Z,price_change,0.22,BUY,-1000,0.27,0.29
2026-01-03T20:51:46.256031Z,price_change,0.05,BUY,-3000,0.27,0.29
2026-01-03T20:51:46.257642Z,price_change,0.30000000000000004,SELL,-4000,0.27,0.29
2026-01-03T20:51:46.258162Z,price_change,0.30000000000000004,SELL,1000,0.27,0.29
2026-01-03T20:51:46.276338Z,price_change,0.26,BUY,4000,0.27,0.29
2026-01-03T20:51:46.291352Z,price_change,0.25,BUY,1000,0.27,0.29
2026-01-03T20:51:46.29139Z,price_change,0.21,BUY,3000,0.27,0.29
2026-01-03T20:51:46.294518Z,price_change,0.31000000000000005,SELL,4000,0.27,0.29
2026-01-03T20:51:46.334712Z,price_change,0.21,BUY,-3000,0.27,0.29
2026-01-03T20:51:47.636834Z,price_change,0.31000000000000005,SELL,-200,0.27,0.29
2026-01-03T20:51:47.638489Z,price_change,0.27,BUY,-30,0.27,0.29
2026-01-03T20:51:47.639445Z,price_change,0.27,BUY,-170,0.27,0.29
2026-01-03T20:51:47.685783Z,price_change,0.26,BUY,-4000,0.27,0.29
2026-01-03T20:51:47.691379Z,price_change,0.21,BUY,200,0.27,0.29
2026-01-03T20:51:47.753213Z,price_change,0.28,SELL,200,0.27,0.28
2026-01-03T20:51:47.807561Z,price_change,0.30000000000000004,SELL,-4000,0.27,0.28
2026-01-03T20:51:47.80841Z,price_change,0.29000000000000004,SELL,-4000,0.27,0.28
2026-01-03T20:51:47.810059Z,price_change,0.29000000000000004,SELL,-2000,0.27,0.28
2026-01-03T20:51:47.811522Z,price_change,0.29000000000000004,SELL,-4000,0.27,0.28
2026-01-03T20:51:47.812491Z,price_change,0.30000000000000004,SELL,-4000,0.27,0.28
2026-01-03T20:51:47.81366Z,price_change,0.29000000000000004,SELL,1,0.27,0.28
2026-01-03T20:51:47.86363Z,price_change,0.28,SELL,4000,0.27,0.28
2026-01-03T20:51:47.865315Z,price_change,0.28,SELL,4000,0.27,0.28
2026-01-03T20:51:47.867331Z,price_change,0.28,SELL,4000,0.27,0.28
2026-01-03T20:51:47.869575Z,price_change,0.28,SELL,2000,0.27,0.28
2026-01-03T20:51:47.966524Z,price_change,0.29000000000000004,SELL,-1,0.27,0.28
2026-01-03T20:51:48.006649Z,price_change,0.30000000000000004,SELL,-1,0.27,0.28
2026-01-03T20:51:48.006649Z,price_change,0.29000000000000004,SELL,1,0.27,0.28
2026-01-03T20:51:49.019375Z,price_change,0.05,BUY,3000,0.27,0.28
2026-01-03T20:51:49.021657Z,price_change,0.31000000000000005,SELL,-4000,0.27,0.28
2026-01-03T20:51:49.129371Z,price_change,0.30000000000000004,SELL,4000,0.27,0.28
2026-01-03T20:51:50.193916Z,price_change,0.28,SELL,-6,0.27,0.28
2026-01-03T20:51:50.230448Z,price_change,0.25,BUY,-1000,0.27,0.28
2026-01-03T20:51:50.2713Z,price_change,0.22,BUY,1000,0.27,0.28
2026-01-03T20:51:50.417869Z,price_change,0.31000000000000005,SELL,-2174,0.27,0.28
2026-01-03T20:51:50.433496Z,price_change,0.30000000000000004,SELL,2143,0.27,0.28
2026-01-03T20:51:50.476261Z,price_change,0.30000000000000004,SELL,-1000,0.27,0.28
2026-01-03T20:51:50.539945Z,price_change,0.29000000000000004,SELL,1000,0.27,0.28
2026-01-03T20:51:51.860705Z,price_change,0.28,SELL,4000,0.27,0.28
2026-01-03T20:51:58.756777Z,price_change,0.27,BUY,-500,0.26,0.28
2026-01-03T20:51:58.758477Z,price_change,0.30000000000000004,SELL,-500,0.26,0.28
2026-01-03T20:51:58.768956Z,price_change,0.26,BUY,-121,0.26,0.28
2026-01-03T20:51:58.770204Z,price_change,0.31000000000000005,SELL,-79,0.26,0.28
2026-01-03T20:51:58.78216Z,price_change,0.25,BUY,121,0.26,0.28
2026-01-03T20:51:58.784814Z,price_change,0.30000000000000004,SELL,79,0.26,0.28
2026-01-03T20:51:58.904807Z,price_change,0.29000000000000004,SELL,-4000,0.26,0.28
2026-01-03T20:51:58.906833Z,price_change,0.29000000000000004,SELL,-3451,0.26,0.28
2026-01-03T20:51:58.928922Z,price_change,0.28,SELL,-4000,0.26,0.28
2026-01-03T20:51:58.933083Z,price_change,0.28,SELL,-4000,0.26,0.28
2026-01-03T20:51:59.00635Z,price_change,0.27,SELL,4000,0.26,0.27
2026-01-03T20:51:59.019752Z,price_change,0.24,BUY,-31,0.26,0.27
2026-01-03T20:51:59.021492Z,price_change,0.30000000000000004,SELL,-9,0.26,0.27
2026-01-03T20:51:59.049637Z,price_change,0.26,BUY,-4000,0.25,0.27
2026-01-03T20:51:59.105158Z,price_change,0.28,SELL,1,0.25,0.27
2026-01-03T20:51:59.10522Z,price_change,0.25,BUY,4000,0.25,0.27
2026-01-03T20:51:59.127583Z,price_change,0.25,BUY,4000,0.25,0.27
2026-01-03T20:51:59.213537Z,price_change,0.29000000000000004,SELL,-1,0.25,0.27
2026-01-03T20:51:59.213537Z,price_change,0.28,SELL,1,0.25,0.27
2026-01-03T20:51:59.254932Z,price_change,0.25,BUY,-4000,0.25,0.27
2026-01-03T20:51:59.274395Z,price_change,0.25,BUY,-4000,0.25,0.27
2026-01-03T20:51:59.309158Z,price_change,0.25,BUY,10,0.25,0.27
2026-01-03T20:51:59.312634Z,price_change,0.28,SELL,-1,0.25,0.27
2026-01-03T20:51:59.448235Z,price_change,0.26,BUY,4000,0.26,0.27
2026-01-03T20:51:59.552172Z,price_change,0.25,BUY,-10,0.26,0.27
2026-01-03T20:52:00.814297Z,price_change,0.21,BUY,-2222,0.26,0.27
2026-01-03T20:52:00.815253Z,price_change,0.37,SELL,-2222,0.26,0.27
2026-01-03T20:52:00.816188Z,price_change,0.22,BUY,-690,0.26,0.27
2026-01-03T20:52:00.817159Z,price_change,0.36,SELL,-690,0.26,0.27
2026-01-03T20:52:00.861823Z,price_change,0.45999999999999996,SELL,-8000,0.26,0.27
2026-01-03T20:52:00.861939Z,price_change,0.22,BUY,-1000,0.26,0.27
2026-01-03T20:52:00.862594Z,price_change,0.23,BUY,-4000,0.26,0.27
2026-01-03T20:52:00.86352Z,price_change,0.36,SELL,-3000,0.26,0.27
2026-01-03T20:52:00.897696Z,price_change,0.7,SELL,8000,0.26,0.27
2026-01-03T20:52:00.899059Z,price_change,0.26,BUY,-4000,0.25,0.27
2026-01-03T20:52:00.899491Z,price_change,0.28,SELL,-4000,0.25,0.27
2026-01-03T20:52:00.899557Z,price_change,0.05,BUY,-3000,0.25,0.27
2026-01-03T20:52:00.900274Z,price_change,0.28,SELL,-2000,0.25,0.27
2026-01-03T20:52:00.900861Z,price_change,0.29000000000000004,SELL,-1000,0.25,0.27
2026-01-03T20:52:00.901428Z,price_change,0.25,BUY,-2000,0.25,0.27
2026-01-03T20:52:00.901911Z,price_change,0.28,SELL,-4000,0.25,0.27
2026-01-03T20:52:00.90197Z,price_change,0.27,SELL,-4000,0.25,0.28
2026-01-03T20:52:00.922682Z,price_change,0.6,SELL,-216,0.25,0.28
2026-01-03T20:52:00.924015Z,price_change,0.30000000000000004,SELL,-4000,0.25,0.28
2026-01-03T20:52:00.925438Z,price_change,0.61,SELL,-617,0.25,0.28
2026-01-03T20:52:00.926514Z,price_change,0.5800000000000001,SELL,592,0.25,0.28
2026-01-03T20:52:00.927635Z,price_change,0.56,SELL,334,0.25,0.28
2026-01-03T20:52:00.956458Z,price_change,0.5900000000000001,SELL,-4000,0.25,0.28
2026-01-03T20:52:00.988946Z,price_change,0.69,SELL,40,0.25,0.28
2026-01-03T20:52:00.990347Z,price_change,0.7,SELL,-8000,0.25,0.28
2026-01-03T20:52:00.992075Z,price_change,0.6799999999999999,SELL,40,0.25,0.28
2026-01-03T20:52:00.992889Z,price_change,0.6799999999999999,SELL,40,0.25,0.28
2026-01-03T20:52:01.006198Z,price_change,0.25,BUY,-46,0.25,0.28
2026-01-03T20:52:01.142566Z,price_change,0.28,SELL,-1,0.25,0.28
2026-01-03T20:52:01.142566Z,price_change,0.29000000000000004,SELL,1,0.25,0.28
2026-01-03T20:52:01.200735Z,price_change,0.56,SELL,4000,0.25,0.28
2026-01-03T20:52:01.201363Z,price_change,0.6599999999999999,SELL,8000,0.25,0.28
2026-01-03T20:52:04.609378Z,price_change,0.22,BUY,2222,0.25,0.28
2026-01-03T20:52:04.611075Z,price_change,0.32999999999999996,SELL,2222,0.25,0.28
2026-01-03T20:52:05.479656Z,price_change,0.30000000000000004,SELL,-2143,0.25,0.28
2026-01-03T20:52:05.497918Z,price_change,0.31999999999999995,SELL,200,0.25,0.28
2026-01-03T20:52:05.499382Z,price_change,0.29000000000000004,SELL,2113,0.25,0.28
2026-01-03T20:52:05.504905Z,price_change,0.25,BUY,-5954,0.25,0.28
2026-01-03T20:52:05.512704Z,price_change,0.23,BUY,6000,0.25,0.28
2026-01-03T20:52:05.520638Z,price_change,0.31999999999999995,SELL,-200,0.25,0.28
2026-01-03T20:52:05.697371Z,price_change,0.29000000000000004,SELL,-1,0.25,0.28
2026-01-03T20:52:05.697371Z,price_change,0.31999999999999995,SELL,1,0.25,0.28
2026-01-03T20:52:08.055618Z,price_change,0.28,SELL,-16,0.25,0.28
2026-01-03T20:52:08.412824Z,price_change,0.28,SELL,-83,0.25,0.28
2026-01-03T20:52:08.752108Z,price_change,0.23,BUY,690,0.25,0.28
2026-01-03T20:52:08.753844Z,price_change,0.31999999999999995,SELL,690,0.25,0.28
2026-01-03T20:52:09.186721Z,price_change,0.28,SELL,-16,0.25,0.28
2026-01-03T20:52:09.264146Z,price_change,0.21,BUY,93,0.25,0.28
2026-01-03T20:52:09.283433Z,price_change,0.26,SELL,200,0.25,0.26
2026-01-03T20:52:09.291515Z,price_change,0.25,BUY,-121,0.25,0.26
2026-01-03T20:52:09.292839Z,price_change,0.30000000000000004,SELL,-79,0.25,0.26
2026-01-03T20:52:09.298944Z,price_change,0.28,SELL,-79,0.25,0.26
2026-01-03T20:52:09.302706Z,price_change,0.24,BUY,121,0.25,0.26
2026-01-03T20:52:09.303979Z,price_change,0.29000000000000004,SELL,79,0.25,0.26
2026-01-03T20:52:09.88245Z,price_change,0.24,BUY,-121,0.25,0.26
2026-01-03T20:52:09.883525Z,price_change,0.29000000000000004,SELL,-79,0.25,0.26
2026-01-03T20:52:09.884297Z,price_change,0.21,BUY,-200,0.25,0.26
2026-01-03T20:52:09.8858Z,price_change,0.21,BUY,-93,0.25,0.26
2026-01-03T20:52:09.890516Z,price_change,0.26,SELL,-200,0.25,0.29
2026-01-03T20:52:09.897804Z,price_change,0.23,BUY,121,0.25,0.29
2026-01-03T20:52:09.89887Z,price_change,0.28,SELL,79,0.25,0.28
2026-01-03T20:52:09.900681Z,price_change,0.23,BUY,-121,0.25,0.28
2026-01-03T20:52:09.901926Z,price_change,0.28,SELL,-79,0.25,0.29
2026-01-03T20:52:09.91129Z,price_change,0.24,BUY,121,0.25,0.29
2026-01-03T20:52:09.912647Z,price_change,0.29000000000000004,SELL,79,0.25,0.29
2026-01-03T20:52:09.925853Z,price_change,0.29000000000000004,SELL,104,0.25,0.29
2026-01-03T20:52:09.935322Z,price_change,0.21,BUY,9,0.25,0.29
2026-01-03T20:52:09.953121Z,price_change,0.26,SELL,20,0.25,0.26
2026-01-03T20:52:09.97754Z,price_change,0.24,BUY,-121,0.25,0.26
2026-01-03T20:52:09.980475Z,price_change,0.29000000000000004,SELL,-79,0.25,0.26
2026-01-03T20:52:09.980646Z,price_change,0.29000000000000004,SELL,-104,0.25,0.26
2026-01-03T20:52:09.983958Z,price_change,0.23,BUY,121,0.25,0.26
2026-01-03T20:52:09.986238Z,price_change,0.23,BUY,-121,0.25,0.26
2026-01-03T20:52:09.994189Z,price_change,0.29000000000000004,SELL,79,0.25,0.26
2026-01-03T20:52:09.999664Z,price_change,0.24,BUY,121,0.25,0.26
2026-01-03T20:52:10.0017Z,price_change,0.28,SELL,50,0.25,0.26
2026-01-03T20:52:10.017243Z,price_change,0.28,SELL,-50,0.25,0.26
2026-01-03T20:52:10.0556Z,price_change,0.29000000000000004,SELL,10,0.25,0.26
2026-01-03T20:52:10.50929Z,price_change,0.29000000000000004,SELL,-10,0.25,0.26
2026-01-03T20:52:12.075457Z,price_change,0.31999999999999995,SELL,-1,0.25,0.26
2026-01-03T20:52:12.075457Z,price_change,0.28,SELL,1,0.25,0.26
2026-01-03T20:52:13.449599Z,price_change,0.6799999999999999,SELL,-40,0.25,0.26
2026-01-03T20:52:13.451577Z,price_change,0.25,BUY,50,0.25,0.26
2026-01-03T20:52:13.451719Z,price_change,0.29000000000000004,SELL,25,0.25,0.26
2026-01-03T20:52:13.452908Z,price_change,0.31999999999999995,SELL,100,0.25,0.26
2026-01-03T20:52:13.452982Z,price_change,0.25,BUY,100,0.25,0.26
2026-01-03T20:52:13.453812Z,price_change,0.28,SELL,50,0.25,0.26
2026-01-03T20:52:13.45444Z,price_change,0.6799999999999999,SELL,-40,0.25,0.26
2026-01-03T20:52:13.455186Z,price_change,0.72,SELL,75,0.25,0.26
2026-01-03T20:52:13.455217Z,price_change,0.12,BUY,100,0.25,0.26
2026-01-03T20:52:13.455543Z,price_change,0.69,SELL,-40,0.25,0.26
2026-01-03T20:52:13.455869Z,price_change,0.23,BUY,25,0.25,0.26
2026-01-03T20:52:13.478352Z,price_change,0.05,BUY,75,0.25,0.26
2026-01-03T20:52:13.519286Z,price_change,0.24,BUY,-121,0.25,0.26
2026-01-03T20:52:13.520368Z,price_change,0.29000000000000004,SELL,-79,0.25,0.26
2026-01-03T20:52:13.52878Z,price_change,0.24,BUY,121,0.25,0.26
2026-01-03T20:52:13.531559Z,price_change,0.29000000000000004,SELL,79,0.25,0.26
2026-01-03T20:52:13.537675Z,price_change,0.31999999999999995,SELL,-100,0.25,0.26
2026-01-03T20:52:13.537751Z,price_change,0.25,BUY,-50,0.25,0.26
2026-01-03T20:52:13.537818Z,price_change,0.29000000000000004,SELL,-25,0.25,0.26
2026-01-03T20:52:13.53913Z,price_change,0.25,BUY,-100,0.25,0.26
2026-01-03T20:52:13.539201Z,price_change,0.6599999999999999,SELL,-8000,0.25,0.26
2026-01-03T20:52:13.539235Z,price_change,0.56,SELL,-4000,0.25,0.26
2026-01-03T20:52:13.554922Z,price_change,0.29000000000000004,SELL,100,0.25,0.26
2026-01-03T20:52:13.555385Z,price_change,0.23,BUY,-25,0.25,0.26
2026-01-03T20:52:13.55699Z,price_change,0.28,SELL,100,0.25,0.26
2026-01-03T20:52:13.564015Z,price_change,0.28,SELL,100,0.25,0.26
2026-01-03T20:52:13.635453Z,price_change,0.23,BUY,50,0.25,0.26
2026-01-03T20:52:13.636149Z,price_change,0.22,BUY,25,0.25,0.26
2026-01-03T20:52:13.637427Z,price_change,0.28,SELL,25,0.25,0.26
2026-01-03T20:52:13.637533Z,price_change,0.55,SELL,4000,0.25,0.26
2026-01-03T20:52:13.638145Z,price_change,0.31000000000000005,SELL,100,0.25,0.26
2026-01-03T20:52:13.640359Z,price_change,0.24,BUY,100,0.25,0.26
2026-01-03T20:52:13.655386Z,price_change,0.43000000000000005,SELL,8000,0.25,0.26
2026-01-03T20:52:13.968524Z,price_change,0.27,SELL,1,0.25,0.26
2026-01-03T20:52:14.282338Z,price_change,0.28,SELL,-1,0.25,0.26
2026-01-03T20:52:14.282338Z,price_change,0.27,SELL,1,0.25,0.26
2026-01-03T20:52:14.416245Z,price_change,0.26,SELL,-20,0.25,0.27
2026-01-03T20:52:15.044494Z,price_change,0.21,BUY,-9,0.25,0.27
2026-01-03T20:52:15.109853Z,price_change,0.26,SELL,2,0.25,0.26
2026-01-03T20:52:15.121227Z,price_change,0.24,BUY,-121,0.25,0.26
2026-01-03T20:52:15.122276Z,price_change,0.29000000000000004,SELL,-79,0.25,0.26
2026-01-03T20:52:15.132867Z,price_change,0.23,BUY,121,0.25,0.26
2026-01-03T20:52:15.134614Z,price_change,0.28,SELL,79,0.25,0.26
2026-01-03T20:52:15.191158Z,price_change,0.05,BUY,-309,0.25,0.26
2026-01-03T20:52:15.193807Z,price_change,0.12,BUY,467,0.25,0.26
2026-01-03T20:52:15.21026Z,price_change,0.24,BUY,-100,0.25,0.26
2026-01-03T20:52:15.272496Z,price_change,0.23,BUY,100,0.25,0.26
2026-01-03T20:52:15.273027Z,price_change,0.12,BUY,-100,0.25,0.26
2026-01-03T20:52:15.274664Z,price_change,0.01,BUY,-8000,0.25,0.26
2026-01-03T20:52:15.31094Z,price_change,0.02,BUY,8000,0.25,0.26
2026-01-03T20:52:15.312641Z,price_change,0.13,BUY,100,0.25,0.26
2026-01-03T20:52:18.865996Z,price_change,0.26,SELL,-2,0.25,0.27
2026-01-03T20:52:18.885632Z,price_change,0.23,BUY,-121,0.25,0.27
2026-01-03T20:52:18.889064Z,price_change,0.28,SELL,-79,0.25,0.27
2026-01-03T20:52:18.900171Z,price_change,0.24,BUY,121,0.25,0.27
2026-01-03T20:52:18.902491Z,price_change,0.29000000000000004,SELL,79,0.25,0.27
2026-01-03T20:52:18.994497Z,price_change,0.22,BUY,-25,0.25,0.27
2026-01-03T20:52:18.994871Z,price_change,0.43000000000000005,SELL,-8000,0.25,0.27
2026-01-03T20:52:18.997113Z,price_change,0.72,SELL,-75,0.25,0.27
2026-01-03T20:52:19.08471Z,price_change,0.05,BUY,25,0.25,0.27
2026-01-03T20:52:19.087067Z,price_change,0.42000000000000004,SELL,8000,0.25,0.27
2026-01-03T20:52:19.138573Z,price_change,0.32999999999999996,SELL,75,0.25,0.27
2026-01-03T20:52:19.181622Z,price_change,0.32999999999999996,SELL,-75,0.25,0.27
2026-01-03T20:52:19.522568Z,price_change,0.31999999999999995,SELL,81,0.25,0.27
2026-01-03T20:52:19.525921Z,price_change,0.05,BUY,-25,0.25,0.27
2026-01-03T20:52:19.527028Z,price_change,0.31000000000000005,SELL,-100,0.25,0.27
2026-01-03T20:52:19.611323Z,price_change,0.29000000000000004,SELL,108,0.25,0.27
2026-01-03T20:52:19.611935Z,price_change,0.22,BUY,27,0.25,0.27
2026-01-03T20:52:20.722461Z,price_change,0.29000000000000004,SELL,-2113,0.25,0.27
2026-01-03T20:52:20.744493Z,price_change,0.31000000000000005,SELL,2174,0.25,0.27
2026-01-03T20:52:20.754987Z,price_change,0.25,BUY,6000,0.25,0.27
2026-01-03T20:52:20.75742Z,price_change,0.31000000000000005,SELL,227,0.25,0.27
2026-01-03T20:52:20.758131Z,price_change,0.23,BUY,-6000,0.25,0.27
2026-01-03T20:52:20.766526Z,price_change,0.29000000000000004,SELL,-100,0.25,0.27
2026-01-03T20:52:20.76683Z,price_change,0.28,SELL,-100,0.25,0.27
2026-01-03T20:52:20.767136Z,price_change,0.28,SELL,-100,0.25,0.27
2026-01-03T20:52:20.767371Z,price_change,0.28,SELL,-50,0.25,0.27
2026-01-03T20:52:20.767417Z,price_change,0.28,SELL,-25,0.25,0.27
2026-01-03T20:52:20.767483Z,price_change,0.42000000000000004,SELL,-8000,0.25,0.27
2026-01-03T20:52:20.78125Z,price_change,0.31000000000000005,SELL,-227,0.25,0.27
2026-01-03T20:52:20.783727Z,price_change,0.29000000000000004,SELL,-108,0.25,0.27
2026-01-03T20:52:20.808354Z,price_change,0.30000000000000004,SELL,102,0.25,0.27
2026-01-03T20:52:20.810428Z,price_change,0.27,SELL,-1,0.25,0.27
2026-01-03T20:52:20.810428Z,price_change,0.28,SELL,1,0.25,0.27
2026-01-03T20:52:20.818951Z,price_change,0.28,SELL,10,0.25,0.27
2026-01-03T20:52:20.83268Z,price_change,0.30000000000000004,SELL,54,0.25,0.27
2026-01-03T20:52:20.834698Z,price_change,0.30000000000000004,SELL,27,0.25,0.27
2026-01-03T20:52:20.836325Z,price_change,0.31000000000000005,SELL,108,0.25,0.27
2026-01-03T20:52:20.836478Z,price_change,0.43000000000000005,SELL,8000,0.25,0.27
2026-01-03T20:52:20.836985Z,price_change,0.30000000000000004,SELL,108,0.25,0.27
2026-01-03T20:52:20.837193Z,price_change,0.30000000000000004,SELL,108,0.25,0.27
2026-01-03T20:52:20.837755Z,price_change,0.30000000000000004,SELL,108,0.25,0.27
2026-01-03T20:52:20.869673Z,price_change,0.27,SELL,-1,0.25,0.28
2026-01-03T20:52:20.869673Z,price_change,0.30000000000000004,SELL,1,0.25,0.28
2026-01-03T20:52:20.878004Z,price_change,0.30000000000000004,SELL,-108,0.25,0.28
2026-01-03T20:52:20.8803Z,price_change,0.30000000000000004,SELL,-108,0.25,0.28
2026-01-03T20:52:20.881459Z,price_change,0.31000000000000005,SELL,-108,0.25,0.28
2026-01-03T20:52:20.882998Z,price_change,0.30000000000000004,SELL,-54,0.25,0.28
2026-01-03T20:52:20.897299Z,price_change,0.28,SELL,-1,0.25,0.28
2026-01-03T20:52:20.897299Z,price_change,0.29000000000000004,SELL,1,0.25,0.28
2026-01-03T20:52:20.947673Z,price_change,0.29000000000000004,SELL,108,0.25,0.28
2026-01-03T20:52:20.947807Z,price_change,0.29000000000000004,SELL,108,0.25,0.28
2026-01-03T20:52:20.94949Z,price_change,0.28,SELL,54,0.25,0.28
2026-01-03T20:52:20.949603Z,price_change,0.29000000000000004,SELL,108,0.25,0.28
2026-01-03T20:52:20.977335Z,price_change,0.30000000000000004,SELL,-102,0.25,0.28
2026-01-03T20:52:21.050575Z,price_change,0.29000000000000004,SELL,-108,0.25,0.28
2026-01-03T20:52:21.052076Z,price_change,0.29000000000000004,SELL,-108,0.25,0.28
2026-01-03T20:52:21.055965Z,price_change,0.29000000000000004,SELL,-108,0.25,0.28
2026-01-03T20:52:21.07178Z,price_change,0.30000000000000004,SELL,102,0.25,0.28
2026-01-03T20:52:21.170117Z,price_change,0.29000000000000004,SELL,-1,0.25,0.28
2026-01-03T20:52:21.170117Z,price_change,0.28,SELL,1,0.25,0.28
2026-01-03T20:52:21.245424Z,price_change,0.30000000000000004,SELL,-1,0.25,0.28
2026-01-03T20:52:21.245424Z,price_change,0.28,SELL,1,0.25,0.28
2026-01-03T20:52:21.295909Z,price_change,0.29000000000000004,SELL,108,0.25,0.28
2026-01-03T20:52:21.299335Z,price_change,0.29000000000000004,SELL,108,0.25,0.28
2026-01-03T20:52:21.299414Z,price_change,0.29000000000000004,SELL,108,0.25,0.28
2026-01-03T20:52:21.301107Z,price_change,0.28,SELL,-54,0.25,0.28
2026-01-03T20:52:21.341913Z,price_change,0.28,SELL,10,0.25,0.28
2026-01-03T20:52:21.364037Z,price_change,0.29000000000000004,SELL,54,0.25,0.28
2026-01-03T20:52:21.387489Z,price_change,0.30000000000000004,SELL,-102,0.25,0.28
2026-01-03T20:52:21.448037Z,price_change,0.23,BUY,-100,0.25,0.28
2026-01-03T20:52:21.50097Z,price_change,0.29000000000000004,SELL,-54,0.25,0.28
2026-01-03T20:52:21.501646Z,price_change,0.29000000000000004,SELL,-108,0.25,0.28
2026-01-03T20:52:21.501776Z,price_change,0.29000000000000004,SELL,-108,0.25,0.28
2026-01-03T20:52:21.502738Z,price_change,0.24,BUY,108,0.25,0.28
2026-01-03T20:52:21.502802Z,price_change,0.29000000000000004,SELL,-108,0.25,0.28
2026-01-03T20:52:21.520343Z,price_change,0.30000000000000004,SELL,102,0.25,0.28
2026-01-03T20:52:21.55255Z,price_change,0.28,SELL,-1,0.25,0.28
2026-01-03T20:52:21.55255Z,price_change,0.29000000000000004,SELL,1,0.25,0.28
2026-01-03T20:52:21.578259Z,price_change,0.29000000000000004,SELL,54,0.25,0.28
2026-01-03T20:52:21.579158Z,price_change,0.29000000000000004,SELL,108,0.25,0.28
2026-01-03T20:52:21.579408Z,price_change,0.29000000000000004,SELL,108,0.25,0.28
2026-01-03T20:52:21.579858Z,price_change,0.29000000000000004,SELL,108,0.25,0.28
2026-01-03T20:52:21.615966Z,price_change,0.30000000000000004,SELL,-102,0.25,0.28
2026-01-03T20:52:21.626084Z,price_change,0.29000000000000004,SELL,-54,0.25,0.28
2026-01-03T20:52:21.645781Z,price_change,0.29000000000000004,SELL,-1,0.25,0.28
2026-01-03T20:52:21.645781Z,price_change,0.28,SELL,1,0.25,0.28
2026-01-03T20:52:21.650666Z,price_change,0.30000000000000004,SELL,102,0.25,0.28
2026-01-03T20:52:21.819334Z,price_change,0.29000000000000004,SELL,54,0.25,0.28
2026-01-03T20:52:21.862536Z,price_change,0.30000000000000004,SELL,-102,0.25,0.28
2026-01-03T20:52:21.912194Z,price_change,0.29000000000000004,SELL,-54,0.25,0.28
2026-01-03T20:52:21.912317Z,price_change,0.29000000000000004,SELL,-108,0.25,0.28
2026-01-03T20:52:21.912824Z,price_change,0.29000000000000004,SELL,-108,0.25,0.28
2026-01-03T20:52:21.913645Z,price_change,0.29000000000000004,SELL,-108,0.25,0.28
2026-01-03T20:52:21.950296Z,price_change,0.30000000000000004,SELL,102,0.25,0.28
2026-01-03T20:52:21.971529Z,price_change,0.30000000000000004,SELL,110,0.25,0.28
2026-01-03T20:52:21.972223Z,price_change,0.30000000000000004,SELL,110,0.25,0.28
2026-01-03T20:52:21.972473Z,price_change,0.30000000000000004,SELL,55,0.25,0.28
2026-01-03T20:52:21.973225Z,price_change,0.31000000000000005,SELL,110,0.25,0.28
2026-01-03T20:52:22.035593Z,price_change,0.28,SELL,-1,0.25,0.28
2026-01-03T20:52:22.035593Z,price_change,0.29000000000000004,SELL,1,0.25,0.28
2026-01-03T20:52:22.036234Z,price_change,0.30000000000000004,SELL,-110,0.25,0.28
2026-01-03T20:52:22.037984Z,price_change,0.31000000000000005,SELL,-110,0.25,0.28
2026-01-03T20:52:22.039512Z,price_change,0.30000000000000004,SELL,-55,0.25,0.28
2026-01-03T20:52:22.041933Z,price_change,0.30000000000000004,SELL,-110,0.25,0.28
2026-01-03T20:52:22.084256Z,price_change,0.29000000000000004,SELL,110,0.25,0.28
2026-01-03T20:52:22.08583Z,price_change,0.28,SELL,55,0.25,0.28
2026-01-03T20:52:22.086048Z,price_change,0.29000000000000004,SELL,110,0.25,0.28
2026-01-03T20:52:22.088129Z,price_change,0.29000000000000004,SELL,110,0.25,0.28
2026-01-03T20:52:22.092225Z,price_change,0.30000000000000004,SELL,-102,0.25,0.28
2026-01-03T20:52:22.139391Z,price_change,0.29000000000000004,SELL,-1,0.25,0.28
2026-01-03T20:52:22.139391Z,price_change,0.28,SELL,1,0.25,0.28
2026-01-03T20:52:22.146143Z,price_change,0.29000000000000004,SELL,-110,0.25,0.28
2026-01-03T20:52:22.149336Z,price_change,0.29000000000000004,SELL,-110,0.25,0.28
2026-01-03T20:52:22.149463Z,price_change,0.29000000000000004,SELL,-110,0.25,0.28
2026-01-03T20:52:22.189065Z,price_change,0.31000000000000005,SELL,110,0.25,0.28
2026-01-03T20:52:22.189938Z,price_change,0.28,SELL,-55,0.25,0.28
2026-01-03T20:52:22.190149Z,price_change,0.30000000000000004,SELL,110,0.25,0.28
2026-01-03T20:52:22.192998Z,price_change,0.30000000000000004,SELL,110,0.25,0.28
2026-01-03T20:52:22.210065Z,price_change,0.28,SELL,-1,0.25,0.28
2026-01-03T20:52:22.210065Z,price_change,0.29000000000000004,SELL,1,0.25,0.28
2026-01-03T20:52:22.331417Z,price_change,0.30000000000000004,SELL,55,0.25,0.28
2026-01-03T20:52:22.369774Z,price_change,0.30000000000000004,SELL,-55,0.25,0.28
2026-01-03T20:52:22.442476Z,price_change,0.28,SELL,55,0.25,0.28
2026-01-03T20:52:23.245965Z,price_change,0.28,SELL,-1,0.25,0.28
2026-01-03T20:52:23.245965Z,price_change,0.30000000000000004,SELL,1,0.25,0.28
2026-01-03T20:52:24.659524Z,price_change,0.28,SELL,-20,0.25,0.28
2026-01-03T20:52:24.659524Z,price_change,0.28,SELL,-4,0.25,0.28
2026-01-03T20:52:25.669634Z,price_change,0.56,SELL,-334,0.25,0.28
2026-01-03T20:52:25.672687Z,price_change,0.5800000000000001,SELL,-592,0.25,0.28
2026-01-03T20:52:25.673809Z,price_change,0.30000000000000004,SELL,631,0.25,0.28
2026-01-03T20:52:25.674962Z,price_change,0.42000000000000004,SELL,295,0.25,0.28
2026-01-03T20:52:25.724426Z,price_change,0.30000000000000004,SELL,-110,0.25,0.28
2026-01-03T20:52:25.725877Z,price_change,0.55,SELL,-4000,0.25,0.28
2026-01-03T20:52:25.726816Z,price_change,0.30000000000000004,SELL,-110,0.25,0.28
2026-01-03T20:52:25.728671Z,price_change,0.31000000000000005,SELL,-110,0.25,0.28
2026-01-03T20:52:25.798855Z,price_change,0.29000000000000004,SELL,111,0.25,0.28
2026-01-03T20:52:25.801035Z,price_change,0.29000000000000004,SELL,111,0.25,0.28
2026-01-03T20:52:25.801618Z,price_change,0.6,SELL,4000,0.25,0.28
2026-01-03T20:52:25.830436Z,price_change,0.29000000000000004,SELL,111,0.25,0.28
2026-01-03T20:52:25.85311Z,price_change,0.30000000000000004,SELL,-1,0.25,0.28
2026-01-03T20:52:25.85311Z,price_change,0.28,SELL,1,0.25,0.28
2026-01-03T20:52:25.869111Z,price_change,0.29000000000000004,SELL,-1,0.25,0.28
2026-01-03T20:52:25.869111Z,price_change,0.28,SELL,1,0.25,0.28
2026-01-03T20:52:25.920179Z,price_change,0.28,SELL,-51,0.25,0.28
2026-01-03T20:52:25.941879Z,price_change,0.28,SELL,20,0.25,0.28
2026-01-03T20:52:25.974587Z,price_change,0.29000000000000004,SELL,55,0.25,0.28
2026-01-03T20:52:26.236728Z,price_change,0.27,BUY,500,0.27,0.28
2026-01-03T20:52:26.238302Z,price_change,0.30000000000000004,SELL,500,0.27,0.28
2026-01-03T20:52:26.265235Z,price_change,0.11,BUY,-686,0.27,0.28
2026-01-03T20:52:29.030269Z,price_change,0.28,SELL,-1,0.27,0.28
2026-01-03T20:52:29.030269Z,price_change,0.28,SELL,-1,0.27,0.28
2026-01-03T20:52:29.030269Z,price_change,0.28,SELL,-20,0.27,0.29
2026-01-03T20:52:29.030269Z,price_change,0.29000000000000004,SELL,-79,0.27,0.29
2026-01-03T20:52:29.030269Z,price_change,0.29000000000000004,SELL,-111,0.27,0.29
2026-01-03T20:52:29.030269Z,price_change,0.29000000000000004,SELL,-111,0.27,0.29
2026-01-03T20:52:29.030269Z,price_change,0.29000000000000004,SELL,-111,0.27,0.29
2026-01-03T20:52:29.030269Z,price_change,0.29000000000000004,SELL,-55,0.27,0.29
2026-01-03T20:52:29.030269Z,price_change,0.30000000000000004,SELL,-27,0.27,0.29
2026-01-03T20:52:29.030269Z,price_change,0.30000000000000004,SELL,-108,0.27,0.29
2026-01-03T20:52:29.030269Z,price_change,0.30000000000000004,SELL,-631,0.27,0.29
2026-01-03T20:52:29.030269Z,price_change,0.30000000000000004,SELL,-500,0.27,0.29
2026-01-03T20:52:29.030269Z,price_change,0.31000000000000005,SELL,-2174,0.27,0.29
2026-01-03T20:52:29.030269Z,price_change,0.25,BUY,-6000,0.27,0.29
2026-01-03T20:52:29.042891Z,price_change,0.29000000000000004,SELL,79,0.27,0.29
2026-01-03T20:52:29.046767Z,price_change,0.24,BUY,-121,0.27,0.29
2026-01-03T20:52:29.047974Z,price_change,0.29000000000000004,SELL,-79,0.27,0.29
2026-01-03T20:52:29.049656Z,price_change,0.13,BUY,610,0.27,0.29
2026-01-03T20:52:29.054982Z,price_change,0.28,BUY,200,0.28,0.29
2026-01-03T20:52:29.059612Z,price_change,0.31000000000000005,SELL,197,0.28,0.29
2026-01-03T20:52:29.069908Z,price_change,0.42000000000000004,SELL,-295,0.28,0.29
2026-01-03T20:52:29.07102Z,price_change,0.31000000000000005,SELL,-197,0.28,0.29
2026-01-03T20:52:29.072544Z,price_change,0.14,BUY,292,0.28,0.29
2026-01-03T20:52:29.073724Z,price_change,0.23,BUY,177,0.28,0.29
2026-01-03T20:52:29.112143Z,price_change,0.43000000000000005,SELL,-8000,0.28,0.29
2026-01-03T20:52:29.113019Z,price_change,0.23,BUY,-50,0.28,0.29
2026-01-03T20:52:29.113347Z,price_change,0.22,BUY,-27,0.28,0.29
2026-01-03T20:52:29.132593Z,price_change,0.30000000000000004,SELL,10,0.28,0.29
2026-01-03T20:52:29.142779Z,price_change,0.24,BUY,69000,0.28,0.29
2026-01-03T20:52:29.144729Z,price_change,0.24,BUY,-108,0.28,0.29
2026-01-03T20:52:29.148916Z,price_change,0.31999999999999995,SELL,-81,0.28,0.29
2026-01-03T20:52:29.161293Z,price_change,0.02,BUY,-8000,0.28,0.29
2026-01-03T20:52:29.162638Z,price_change,0.13,BUY,-100,0.28,0.29
2026-01-03T20:52:29.205496Z,price_change,0.04,BUY,8000,0.28,0.29
2026-01-03T20:52:29.205865Z,price_change,0.25,BUY,112,0.28,0.29
2026-01-03T20:52:29.206716Z,price_change,0.32999999999999996,SELL,84,0.28,0.29
2026-01-03T20:52:29.207277Z,price_change,0.15,BUY,112,0.28,0.29
2026-01-03T20:52:29.224027Z,price_change,0.30000000000000004,SELL,-10,0.28,0.29
2026-01-03T20:52:29.232424Z,price_change,0.31999999999999995,SELL,112,0.28,0.29
2026-01-03T20:52:29.233087Z,price_change,0.31000000000000005,SELL,112,0.28,0.29
2026-01-03T20:52:29.234501Z,price_change,0.7,SELL,8000,0.28,0.29
2026-01-03T20:52:29.2355Z,price_change,0.23,BUY,28,0.28,0.29
2026-01-03T20:52:29.235806Z,price_change,0.31999999999999995,SELL,28,0.28,0.29
2026-01-03T20:52:29.241136Z,price_change,0.24,BUY,56,0.28,0.29
2026-01-03T20:52:29.241802Z,price_change,0.31000000000000005,SELL,112,0.28,0.29
2026-01-03T20:52:29.276687Z,price_change,0.31999999999999995,SELL,1,0.28,0.29
2026-01-03T20:52:29.315424Z,price_change,0.30000000000000004,SELL,500,0.28,0.29
2026-01-03T20:52:29.31742Z,price_change,0.31999999999999995,SELL,10,0.28,0.29
2026-01-03T20:52:29.359147Z,price_change,0.31000000000000005,SELL,-112,0.28,0.29
2026-01-03T20:52:29.360654Z,price_change,0.31000000000000005,SELL,-112,0.28,0.29
2026-01-03T20:52:29.364731Z,price_change,0.31999999999999995,SELL,-112,0.28,0.29
2026-01-03T20:52:29.384391Z,price_change,0.31999999999999995,SELL,1,0.28,0.29
2026-01-03T20:52:29.41234Z,price_change,0.31999999999999995,SELL,-10,0.28,0.29
2026-01-03T20:52:29.420687Z,price_change,0.30000000000000004,SELL,112,0.28,0.29
2026-01-03T20:52:29.42132Z,price_change,0.29000000000000004,SELL,112,0.28,0.29
2026-01-03T20:52:29.431288Z,price_change,0.29000000000000004,SELL,112,0.28,0.29
2026-01-03T20:52:29.593165Z,price_change,0.31999999999999995,SELL,-1,0.28,0.29
2026-01-03T20:52:29.593165Z,price_change,0.29000000000000004,SELL,1,0.28,0.29
2026-01-03T20:52:29.62416Z,price_change,0.22,BUY,-2222,0.28,0.29
2026-01-03T20:52:29.625573Z,price_change,0.32999999999999996,SELL,-2222,0.28,0.29
2026-01-03T20:52:29.626318Z,price_change,0.23,BUY,-690,0.28,0.29
2026-01-03T20:52:29.627912Z,price_change,0.31999999999999995,SELL,-690,0.28,0.29
2026-01-03T20:52:29.671796Z,price_change,0.32999999999999996,SELL,-84,0.28,0.29
2026-01-03T20:52:29.672381Z,price_change,0.23,BUY,-28,0.28,0.29
2026-01-03T20:52:29.673394Z,price_change,0.31999999999999995,SELL,-28,0.28,0.29
2026-01-03T20:52:29.714522Z,price_change,0.72,SELL,84,0.28,0.29
2026-01-03T20:52:29.714584Z,price_change,0.05,BUY,28,0.28,0.29
2026-01-03T20:52:29.733998Z,price_change,0.72,SELL,28,0.28,0.29
2026-01-03T20:52:29.761809Z,price_change,0.31999999999999995,SELL,-1,0.28,0.29
2026-01-03T20:52:29.761809Z,price_change,0.30000000000000004,SELL,1,0.28,0.29
2026-01-03T20:52:29.808682Z,price_change,0.27,BUY,-500,0.28,0.29
2026-01-03T20:52:29.809402Z,price_change,0.30000000000000004,SELL,-500,0.28,0.29
2026-01-03T20:52:29.821307Z,price_change,0.28,BUY,-200,0.25,0.29
2026-01-03T20:52:29.833048Z,price_change,0.26,BUY,200,0.26,0.29
2026-01-03T20:52:29.842403Z,price_change,0.03,BUY,20926,0.26,0.29
2026-01-03T20:52:29.843321Z,price_change,0.02,BUY,47107,0.26,0.29
2026-01-03T20:52:29.844518Z,price_change,0.01,BUY,447723,0.26,0.29
2026-01-03T20:52:29.845376Z,price_change,0.64,SELL,12,0.26,0.29
2026-01-03T20:52:29.846309Z,price_change,0.6699999999999999,SELL,246,0.26,0.29
2026-01-03T20:52:29.847084Z,price_change,0.69,SELL,442,0.26,0.29
2026-01-03T20:52:29.848109Z,price_change,0.7,SELL,821,0.26,0.29
2026-01-03T20:52:29.849319Z,price_change,0.75,SELL,1624,0.26,0.29
2026-01-03T20:52:29.850269Z,price_change,0.78,SELL,2104,0.26,0.29
2026-01-03T20:52:29.851129Z,price_change,0.79,SELL,2104,0.26,0.29
2026-01-03T20:52:29.851916Z,price_change,0.8,SELL,2104,0.26,0.29
2026-01-03T20:52:29.852795Z,price_change,0.81,SELL,2989,0.26,0.29
2026-01-03T20:52:29.853679Z,price_change,0.8200000000000001,SELL,2989,0.26,0.29
2026-01-03T20:52:29.854585Z,price_change,0.85,SELL,4910,0.26,0.29
2026-01-03T20:52:29.855609Z,price_change,0.38,SELL,112,0.26,0.29
2026-01-03T20:52:29.858971Z,price_change,0.29000000000000004,SELL,-112,0.26,0.29
2026-01-03T20:52:29.861422Z,price_change,0.30000000000000004,SELL,-112,0.26,0.29
2026-01-03T20:52:29.861951Z,price_change,0.29000000000000004,SELL,-112,0.26,0.29
2026-01-03T20:52:29.871732Z,price_change,0.7,SELL,-8000,0.26,0.29
2026-01-03T20:52:29.892266Z,price_change,0.38,SELL,-112,0.26,0.29
2026-01-03T20:52:29.892266Z,price_change,0.47,SELL,122,0.26,0.29
2026-01-03T20:52:29.897731Z,price_change,0.05,BUY,-28,0.26,0.29
2026-01-03T20:52:29.899704Z,price_change,0.24,BUY,-56,0.26,0.29
2026-01-03T20:52:29.89974Z,price_change,0.05,BUY,-75,0.26,0.29
2026-01-03T20:52:29.900385Z,price_change,0.25,BUY,-112,0.26,0.29
2026-01-03T20:52:29.900719Z,price_change,0.15,BUY,-112,0.26,0.29
2026-01-03T20:52:29.901127Z,price_change,0.72,SELL,-84,0.26,0.29
2026-01-03T20:52:29.901281Z,price_change,0.72,SELL,-28,0.26,0.29
2026-01-03T20:52:29.914649Z,price_change,0.6699999999999999,SELL,112,0.26,0.29
2026-01-03T20:52:29.91787Z,price_change,0.6699999999999999,SELL,112,0.26,0.29
2026-01-03T20:52:29.918286Z,price_change,0.72,SELL,8000,0.26,0.29
2026-01-03T20:52:29.919147Z,price_change,0.6799999999999999,SELL,112,0.26,0.29
2026-01-03T20:52:29.94541Z,price_change,0.47,SELL,-122,0.26,0.29
2026-01-03T20:52:29.94541Z,price_change,0.48,SELL,310,0.26,0.29
2026-01-03T20:52:29.979645Z,price_change,0.27,BUY,99,0.27,0.29
2026-01-03T20:52:29.980541Z,price_change,0.45999999999999996,SELL,29,0.27,0.29
2026-01-03T20:52:29.996273Z,price_change,0.26,BUY,-200,0.27,0.29
2026-01-03T20:52:30.012638Z,price_change,0.27,BUY,200,0.27,0.29
2026-01-03T20:52:30.013732Z,price_change,0.27,BUY,-200,0.27,0.29
2026-01-03T20:52:30.024538Z,price_change,0.27,BUY,200,0.27,0.29
2026-01-03T20:52:30.035322Z,price_change,0.30000000000000004,SELL,-1,0.27,0.29
2026-01-03T20:52:30.035322Z,price_change,0.37,SELL,1,0.27,0.29
2026-01-03T20:52:30.11601Z,price_change,0.72,SELL,-8000,0.27,0.29
2026-01-03T20:52:30.117274Z,price_change,0.01,BUY,-575663,0.27,0.29
2026-01-03T20:52:30.117783Z,price_change,0.6699999999999999,SELL,-1329,0.27,0.29
2026-01-03T20:52:30.118182Z,price_change,0.02,BUY,-60569,0.27,0.29
2026-01-03T20:52:30.119268Z,price_change,0.03,BUY,-26906,0.27,0.29
2026-01-03T20:52:30.119511Z,price_change,0.6599999999999999,SELL,-1329,0.27,0.29
2026-01-03T20:52:30.120415Z,price_change,0.8200000000000001,SELL,-4025,0.27,0.29
2026-01-03T20:52:30.121092Z,price_change,0.65,SELL,-1038,0.27,0.29
2026-01-03T20:52:30.121696Z,price_change,0.81,SELL,-4025,0.27,0.29
2026-01-03T20:52:30.122504Z,price_change,0.64,SELL,-752,0.27,0.29
2026-01-03T20:52:30.122725Z,price_change,0.8,SELL,-4025,0.27,0.29
2026-01-03T20:52:30.124265Z,price_change,0.79,SELL,-4025,0.27,0.29
2026-01-03T20:52:30.125414Z,price_change,0.78,SELL,-4025,0.27,0.29
2026-01-03T20:52:30.126554Z,price_change,0.61,SELL,-312,0.27,0.29
2026-01-03T20:52:30.1275Z,price_change,0.6,SELL,-192,0.27,0.29
2026-01-03T20:52:30.128722Z,price_change,0.5900000000000001,SELL,-64,0.27,0.29
2026-01-03T20:52:30.129745Z,price_change,0.5700000000000001,SELL,-1,0.27,0.29
2026-01-03T20:52:30.131053Z,price_change,0.53,SELL,-1,0.27,0.29
2026-01-03T20:52:30.132229Z,price_change,0.63,SELL,-1137,0.27,0.29
2026-01-03T20:52:30.13369Z,price_change,0.62,SELL,-758,0.27,0.29
2026-01-03T20:52:30.134544Z,price_change,0.85,SELL,-17718,0.27,0.29
2026-01-03T20:52:30.134643Z,price_change,0.47,SELL,498,0.27,0.29
2026-01-03T20:52:30.135531Z,price_change,0.75,SELL,-2987,0.27,0.29
2026-01-03T20:52:30.13651Z,price_change,0.7,SELL,-1792,0.27,0.29
2026-01-03T20:52:30.137491Z,price_change,0.69,SELL,-1792,0.27,0.29
2026-01-03T20:52:30.138583Z,price_change,0.6799999999999999,SELL,-1329,0.27,0.29
2026-01-03T20:52:30.164122Z,price_change,0.6,SELL,8000,0.27,0.29
2026-01-03T20:52:30.170129Z,price_change,0.48,SELL,-310,0.27,0.29
2026-01-03T20:52:30.179833Z,price_change,0.6,SELL,-4000,0.27,0.29
2026-01-03T20:52:30.179885Z,price_change,0.29000000000000004,SELL,-1,0.27,0.29
2026-01-03T20:52:30.181202Z,price_change,0.26,BUY,87,0.27,0.29
2026-01-03T20:52:30.201825Z,price_change,0.6,SELL,-8000,0.27,0.29
2026-01-03T20:52:30.222225Z,price_change,0.6799999999999999,SELL,4000,0.27,0.29
2026-01-03T20:52:30.248465Z,price_change,0.5900000000000001,SELL,8000,0.27,0.29
2026-01-03T20:52:30.276623Z,price_change,0.27,BUY,-99,0.27,0.29
2026-01-03T20:52:30.277577Z,price_change,0.45999999999999996,SELL,-29,0.27,0.29
2026-01-03T20:52:30.315399Z,price_change,0.37,SELL,-1,0.27,0.29
2026-01-03T20:52:30.315399Z,price_change,0.45999999999999996,SELL,1,0.27,0.29
2026-01-03T20:52:30.383766Z,price_change,0.28,BUY,12,0.28,0.29
2026-01-03T20:52:30.384848Z,price_change,0.45999999999999996,SELL,29,0.28,0.29
2026-01-03T20:52:30.396208Z,price_change,0.27,BUY,-200,0.28,0.29
2026-01-03T20:52:30.405655Z,price_change,0.38,SELL,11,0.28,0.29
2026-01-03T20:52:30.408228Z,price_change,0.28,BUY,200,0.28,0.29
2026-01-03T20:52:30.418772Z,price_change,0.28,BUY,-200,0.28,0.29
2026-01-03T20:52:30.432132Z,price_change,0.28,BUY,200,0.28,0.29
2026-01-03T20:52:30.464712Z,price_change,0.28,BUY,1,0.28,0.29
2026-01-03T20:52:30.527007Z,price_change,0.26,BUY,-87,0.28,0.29
2026-01-03T20:52:30.532018Z,price_change,0.27,BUY,77,0.28,0.29
2026-01-03T20:52:30.53363Z,price_change,0.38,SELL,77,0.28,0.29
2026-01-03T20:52:30.566755Z,price_change,0.6699999999999999,SELL,-112,0.28,0.29
2026-01-03T20:52:30.570084Z,price_change,0.6699999999999999,SELL,-112,0.28,0.29
2026-01-03T20:52:30.586292Z,price_change,0.45999999999999996,SELL,117,0.28,0.29
2026-01-03T20:52:30.587676Z,price_change,0.37,SELL,99,0.28,0.29
2026-01-03T20:52:30.605766Z,price_change,0.25,BUY,200,0.28,0.29
2026-01-03T20:52:30.659813Z,price_change,0.28,BUY,-1,0.28,0.29
2026-01-03T20:52:30.6645Z,price_change,0.6799999999999999,SELL,112,0.28,0.29
2026-01-03T20:52:30.664923Z,price_change,0.69,SELL,112,0.28,0.29
2026-01-03T20:52:30.675598Z,price_change,0.38,SELL,-11,0.28,0.29
2026-01-03T20:52:30.712282Z,price_change,0.45999999999999996,SELL,-117,0.28,0.29
2026-01-03T20:52:30.712282Z,price_change,0.44999999999999996,SELL,103,0.28,0.29
2026-01-03T20:52:30.726809Z,price_change,0.44999999999999996,SELL,-103,0.28,0.29
2026-01-03T20:52:30.726809Z,price_change,0.45999999999999996,SELL,127,0.28,0.29
2026-01-03T20:52:30.772384Z,price_change,0.28,BUY,-12,0.28,0.29
2026-01-03T20:52:30.773805Z,price_change,0.45999999999999996,SELL,-29,0.28,0.29
2026-01-03T20:52:30.779295Z,price_change,0.36,SELL,11,0.28,0.29
2026-01-03T20:52:30.803754Z,price_change,0.45999999999999996,SELL,-127,0.28,0.29
2026-01-03T20:52:30.803754Z,price_change,0.44999999999999996,SELL,117,0.28,0.29
2026-01-03T20:52:30.831448Z,price_change,0.45999999999999996,SELL,-1,0.28,0.29
2026-01-03T20:52:30.831448Z,price_change,0.44999999999999996,SELL,1,0.28,0.29
2026-01-03T20:52:30.844148Z,price_change,0.25,BUY,99,0.28,0.29
2026-01-03T20:52:30.863273Z,price_change,0.25,BUY,-299,0.28,0.29
2026-01-03T20:52:30.863273Z,price_change,0.26,BUY,299,0.28,0.29
2026-01-03T20:52:30.871056Z,price_change,0.36,SELL,-11,0.28,0.29
2026-01-03T20:52:30.928516Z,price_change,0.44999999999999996,SELL,-117,0.28,0.29
2026-01-03T20:52:30.928516Z,price_change,0.43999999999999995,SELL,121,0.28,0.29
2026-01-03T20:52:30.944481Z,price_change,0.27,BUY,1,0.28,0.29
2026-01-03T20:52:30.960537Z,price_change,0.29,BUY,118,0.29,0.29
2026-01-03T20:52:30.970803Z,price_change,0.28,BUY,-200,0.29,0.29
2026-01-03T20:52:30.977794Z,price_change,0.3,BUY,200,0.3,0.29
2026-01-03T20:52:30.982539Z,price_change,0.36,SELL,15,0.3,0.29
2026-01-03T20:52:31.000543Z,price_change,0.27,BUY,-77,0.3,0.29
2026-01-03T20:52:31.000543Z,price_change,0.38,SELL,-77,0.3,0.29
2026-01-03T20:52:31.005992Z,price_change,0.35,SELL,4,0.3,0.29
2026-01-03T20:52:31.024608Z,price_change,0.37,SELL,-99,0.3,0.29
2026-01-03T20:52:31.041964Z,price_change,0.36,SELL,-15,0.3,0.29
2026-01-03T20:52:31.064252Z,price_change,0.27,BUY,-1,0.3,0.29
2026-01-03T20:52:31.128236Z,price_change,0.35,SELL,-4,0.3,0.29
2026-01-03T20:52:31.155544Z,price_change,0.33999999999999997,SELL,5,0.3,0.29
2026-01-03T20:52:31.160061Z,price_change,0.31,BUY,37,0.31,0.29
2026-01-03T20:52:31.161131Z,price_change,0.43000000000000005,SELL,99,0.31,0.29
2026-01-03T20:52:31.171654Z,price_change,0.3,BUY,-200,0.31,0.29
2026-01-03T20:52:31.185061Z,price_change,0.31,BUY,200,0.31,0.29
2026-01-03T20:52:31.18516Z,price_change,0.29,BUY,1,0.31,0.29
2026-01-03T20:52:31.188628Z,price_change,0.33999999999999997,SELL,-5,0.31,0.29
2026-01-03T20:52:31.190712Z,price_change,0.44999999999999996,SELL,-1,0.31,0.29
2026-01-03T20:52:31.190712Z,price_change,0.43000000000000005,SELL,1,0.31,0.29
2026-01-03T20:52:31.220918Z,price_change,0.43999999999999995,SELL,-121,0.31,0.29
2026-01-03T20:52:31.220918Z,price_change,0.45999999999999996,SELL,111,0.31,0.29
2026-01-03T20:52:31.279861Z,price_change,0.29,BUY,-118,0.31,0.29
2026-01-03T20:52:31.285087Z,price_change,0.38,SELL,14,0.31,0.29
2026-01-03T20:52:31.292868Z,price_change,0.26,BUY,-99,0.31,0.29
2026-01-03T20:52:31.317253Z,price_change,0.37,SELL,19,0.31,0.29
2026-01-03T20:52:31.360942Z,price_change,0.27,BUY,99,0.31,0.29
2026-01-03T20:52:31.383182Z,price_change,0.43000000000000005,SELL,-1,0.31,0.29
2026-01-03T20:52:31.383182Z,price_change,0.44999999999999996,SELL,1,0.31,0.29
2026-01-03T20:52:31.383907Z,price_change,0.26,BUY,-200,0.31,0.29
2026-01-03T20:52:31.412555Z,price_change,0.38,SELL,-14,0.31,0.29
2026-01-03T20:52:31.431956Z,price_change,0.6799999999999999,SELL,-112,0.31,0.29
2026-01-03T20:52:31.433173Z,price_change,0.72,SELL,50,0.31,0.29
2026-01-03T20:52:31.433238Z,price_change,0.69,SELL,-112,0.31,0.29
2026-01-03T20:52:31.434215Z,price_change,0.15,BUY,33,0.31,0.29
2026-01-03T20:52:31.434349Z,price_change,0.16,BUY,67,0.31,0.29
2026-01-03T20:52:31.434789Z,price_change,0.6799999999999999,SELL,-112,0.31,0.29
2026-01-03T20:52:31.435378Z,price_change,0.72,SELL,16,0.31,0.29
2026-01-03T20:52:31.436108Z,price_change,0.03,BUY,67,0.31,0.29
2026-01-03T20:52:31.446069Z,price_change,0.05,BUY,16,0.31,0.29
2026-01-03T20:52:31.446885Z,price_change,0.37,SELL,3,0.31,0.29
2026-01-03T20:52:31.460971Z,price_change,0.37,SELL,-22,0.31,0.29
2026-01-03T20:52:31.460971Z,price_change,0.36,SELL,12,0.31,0.29
2026-01-03T20:52:31.47565Z,price_change,0.45999999999999996,SELL,67,0.31,0.29
2026-01-03T20:52:31.47604Z,price_change,0.44999999999999996,SELL,67,0.31,0.29
2026-01-03T20:52:31.47675Z,price_change,0.44999999999999996,SELL,67,0.31,0.29
2026-01-03T20:52:31.503176Z,price_change,0.45999999999999996,SELL,-111,0.31,0.29
2026-01-03T20:52:31.503176Z,price_change,0.43999999999999995,SELL,108,0.31,0.29
2026-01-03T20:52:31.506358Z,price_change,0.36,SELL,10,0.31,0.29
2026-01-03T20:52:31.524537Z,price_change,0.31,BUY,-37,0.31,0.29
2026-01-03T20:52:31.526592Z,price_change,0.43000000000000005,SELL,-99,0.31,0.29
2026-01-03T20:52:31.537963Z,price_change,0.31,BUY,-200,0.29,0.29
2026-01-03T20:52:31.553463Z,price_change,0.28,BUY,200,0.29,0.29
2026-01-03T20:52:31.557985Z,price_change,0.28,BUY,-200,0.29,0.29
2026-01-03T20:52:31.561176Z,price_change,0.44999999999999996,SELL,-67,0.29,0.29
2026-01-03T20:52:31.562029Z,price_change,0.44999999999999996,SELL,-67,0.29,0.29
2026-01-03T20:52:31.563333Z,price_change,0.45999999999999996,SELL,-67,0.29,0.29
2026-01-03T20:52:31.563961Z,price_change,0.38,SELL,99,0.29,0.29
2026-01-03T20:52:31.564185Z,price_change,0.43999999999999995,SELL,-108,0.29,0.29
2026-01-03T20:52:31.566707Z,price_change,0.29,BUY,200,0.29,0.29
2026-01-03T20:52:31.567041Z,price_change,0.33,BUY,250,0.33,0.29
2026-01-03T20:52:31.568356Z,price_change,0.36,SELL,250,0.33,0.29
2026-01-03T20:52:31.57539Z,price_change,0.29,BUY,-200,0.33,0.29
2026-01-03T20:52:31.575616Z,price_change,0.36,SELL,-12,0.33,0.29
2026-01-03T20:52:31.582939Z,price_change,0.29,BUY,-1,0.33,0.29
2026-01-03T20:52:31.585379Z,price_change,0.34,BUY,200,0.34,0.29
2026-01-03T20:52:31.587364Z,price_change,0.26,BUY,250,0.34,0.29
2026-01-03T20:52:31.601665Z,price_change,0.4,SELL,264,0.34,0.29
2026-01-03T20:52:31.611173Z,price_change,0.36,SELL,67,0.34,0.29
2026-01-03T20:52:31.614316Z,price_change,0.35,SELL,67,0.34,0.29
2026-01-03T20:52:31.614333Z,price_change,0.5900000000000001,SELL,-8000,0.34,0.29
2026-01-03T20:52:31.61437Z,price_change,0.35,SELL,67,0.34,0.29
2026-01-03T20:52:31.633134Z,price_change,0.36,SELL,-10,0.34,0.29
2026-01-03T20:52:31.637677Z,price_change,0.4,SELL,-264,0.34,0.29
2026-01-03T20:52:31.653554Z,price_change,0.48,SELL,8000,0.34,0.29
2026-01-03T20:52:31.657495Z,price_change,0.44999999999999996,SELL,-1,0.34,0.29
2026-01-03T20:52:31.657495Z,price_change,0.43999999999999995,SELL,1,0.34,0.29
2026-01-03T20:52:31.669521Z,price_change,0.4,SELL,270,0.34,0.29
2026-01-03T20:52:31.705068Z,price_change,0.26,BUY,-250,0.34,0.29
2026-01-03T20:52:31.705068Z,price_change,0.27,BUY,200,0.34,0.29
2026-01-03T20:52:31.73043Z,price_change,0.4,SELL,67,0.34,0.29
2026-01-03T20:52:31.762776Z,price_change,0.4,SELL,-337,0.34,0.29
2026-01-03T20:52:31.762776Z,price_change,0.39,SELL,346,0.34,0.29
2026-01-03T20:52:31.769653Z,price_change,0.27,BUY,-99,0.34,0.29
2026-01-03T20:52:32.000686Z,price_change,0.38,SELL,-99,0.34,0.29
2026-01-03T20:52:32.022752Z,price_change,0.39,SELL,-346,0.34,0.29
2026-01-03T20:52:32.022752Z,price_change,0.4,SELL,332,0.34,0.29
2026-01-03T20:52:32.077892Z,price_change,0.4,SELL,-332,0.34,0.29
2026-01-03T20:52:32.077892Z,price_change,0.39,SELL,342,0.34,0.29
2026-01-03T20:52:32.087706Z,price_change,0.34,BUY,-32,0.34,0.29
2026-01-03T20:52:32.171419Z,price_change,0.39,SELL,-342,0.34,0.29
2026-01-03T20:52:32.171419Z,price_change,0.4,SELL,332,0.34,0.29
2026-01-03T20:52:32.285544Z,price_change,0.27,BUY,-200,0.34,0.29
2026-01-03T20:52:32.285544Z,price_change,0.26,BUY,201,0.34,0.29
2026-01-03T20:52:32.298412Z,price_change,0.39,SELL,16,0.34,0.29
2026-01-03T20:52:32.315794Z,price_change,0.45999999999999996,SELL,1,0.34,0.29
2026-01-03T20:52:32.386249Z,price_change,0.16,BUY,-67,0.34,0.29
2026-01-03T20:52:32.998525Z,price_change,0.23,BUY,67,0.34,0.29
2026-01-03T20:52:33.206611Z,price_change,0.35,SELL,-67,0.34,0.29
2026-01-03T20:52:33.206611Z,price_change,0.35,SELL,-67,0.34,0.29
2026-01-03T20:52:33.206611Z,price_change,0.36,SELL,-109,0.34,0.29
2026-01-03T20:52:33.287841Z,price_change,0.23,BUY,-67,0.34,0.29
2026-01-03T20:52:33.288756Z,price_change,0.48,SELL,-8000,0.34,0.29
2026-01-03T20:52:33.288756Z,price_change,0.15,BUY,-33,0.34,0.29
2026-01-03T20:52:33.288792Z,price_change,0.03,BUY,-67,0.34,0.29
2026-01-03T20:52:33.288834Z,price_change,0.05,BUY,76,0.34,0.29
2026-01-03T20:52:33.293317Z,price_change,0.05,BUY,-16,0.34,0.29
2026-01-03T20:52:33.293839Z,price_change,0.35,SELL,113,0.34,0.29
2026-01-03T20:52:33.294495Z,price_change,0.35,SELL,113,0.34,0.29
2026-01-03T20:52:33.29611Z,price_change,0.36,SELL,5,0.34,0.29
2026-01-03T20:52:33.354549Z,price_change,0.15,BUY,113,0.34,0.29
2026-01-03T20:52:33.356989Z,price_change,0.52,SELL,8000,0.34,0.29
2026-01-03T20:52:33.357637Z,price_change,0.25,BUY,56,0.34,0.29
2026-01-03T20:52:33.358189Z,price_change,0.25,BUY,113,0.34,0.29
2026-01-03T20:52:33.359231Z,price_change,0.24,BUY,28,0.34,0.29
2026-01-03T20:52:33.398121Z,price_change,0.36,SELL,-5,0.34,0.29
2026-01-03T20:52:33.455625Z,price_change,0.26,BUY,233,0.34,0.29
2026-01-03T20:52:33.457921Z,price_change,0.36,SELL,10,0.34,0.29
2026-01-03T20:52:33.522276Z,price_change,0.43999999999999995,SELL,-1,0.34,0.29
2026-01-03T20:52:33.522276Z,price_change,0.36,SELL,1,0.34,0.29
2026-01-03T20:52:33.56152Z,price_change,0.36,SELL,-10,0.34,0.29
2026-01-03T20:52:33.718181Z,price_change,0.33,BUY,-250,0.34,0.29
2026-01-03T20:52:33.719042Z,price_change,0.32,BUY,500,0.34,0.29
2026-01-03T20:52:33.719766Z,price_change,0.36,SELL,-141,0.34,0.29
2026-01-03T20:52:33.720516Z,price_change,0.35,SELL,400,0.34,0.29
2026-01-03T20:52:33.727461Z,price_change,0.34,BUY,-168,0.32,0.29
2026-01-03T20:52:33.743141Z,price_change,0.33,BUY,184,0.33,0.29
2026-01-03T20:52:33.753743Z,price_change,0.26,BUY,-434,0.33,0.29
2026-01-03T20:52:33.757292Z,price_change,0.4,SELL,-332,0.33,0.29
2026-01-03T20:52:33.781263Z,price_change,0.52,SELL,-8000,0.33,0.29
2026-01-03T20:52:33.784969Z,price_change,0.36,SELL,-67,0.33,0.29
2026-01-03T20:52:33.785334Z,price_change,0.35,SELL,-113,0.33,0.29
2026-01-03T20:52:33.827917Z,price_change,0.39,SELL,415,0.33,0.29
2026-01-03T20:52:33.865478Z,price_change,0.33999999999999997,SELL,113,0.33,0.29
2026-01-03T20:52:33.86658Z,price_change,0.33999999999999997,SELL,113,0.33,0.29
2026-01-03T20:52:33.866919Z,price_change,0.47,SELL,8000,0.33,0.29
2026-01-03T20:52:33.904003Z,price_change,0.39,SELL,-415,0.33,0.29
2026-01-03T20:52:33.938469Z,price_change,0.45999999999999996,SELL,-1,0.33,0.29
2026-01-03T20:52:33.938469Z,price_change,0.36,SELL,1,0.33,0.29
2026-01-03T20:52:34.002111Z,price_change,0.24,BUY,-69000,0.33,0.29
2026-01-03T20:52:34.233133Z,price_change,0.24,BUY,-28,0.33,0.29
2026-01-03T20:52:34.235098Z,price_change,0.33999999999999997,SELL,10,0.33,0.29
2026-01-03T20:52:34.276869Z,price_change,0.36,SELL,-1,0.33,0.29
2026-01-03T20:52:34.276869Z,price_change,0.33999999999999997,SELL,1,0.33,0.29
2026-01-03T20:52:34.300853Z,price_change,0.05,BUY,28,0.33,0.29
2026-01-03T20:52:36.186175Z,price_change,0.28,BUY,2222,0.33,0.29
2026-01-03T20:52:36.187286Z,price_change,0.39,SELL,2222,0.33,0.29
2026-01-03T20:52:36.32607Z,price_change,0.72,SELL,-16,0.33,0.29
2026-01-03T20:52:36.326097Z,price_change,0.33999999999999997,SELL,113,0.33,0.29
2026-01-03T20:52:36.326958Z,price_change,0.72,SELL,-50,0.33,0.29
2026-01-03T20:52:36.380059Z,price_change,0.38,SELL,28,0.33,0.29
2026-01-03T20:52:36.381199Z,price_change,0.38,SELL,84,0.33,0.29
2026-01-03T20:52:37.134109Z,price_change,0.33999999999999997,SELL,-10,0.33,0.29
2026-01-03T20:52:37.561264Z,price_change,0.23,BUY,-177,0.33,0.29
2026-01-03T20:52:37.593793Z,price_change,0.15,BUY,152,0.33,0.29
2026-01-03T20:52:37.654989Z,price_change,0.15,BUY,-113,0.33,0.29
2026-01-03T20:52:37.732713Z,price_change,0.16,BUY,113,0.33,0.29
2026-01-03T20:52:38.427407Z,price_change,0.33999999999999997,SELL,-1,0.33,0.29
2026-01-03T20:52:38.427407Z,price_change,0.35,SELL,1,0.33,0.29
2026-01-03T20:52:38.488655Z,price_change,0.36,SELL,-1,0.33,0.29
2026-01-03T20:52:38.488655Z,price_change,0.35,SELL,1,0.33,0.29
2026-01-03T20:52:38.677547Z,price_change,0.33999999999999997,SELL,-10,0.33,0.29
2026-01-03T20:52:39.007048Z,price_change,0.35,SELL,-400,0.33,0.29
2026-01-03T20:52:39.008926Z,price_change,0.32,BUY,-500,0.33,0.29
2026-01-03T20:52:39.022608Z,price_change,0.33,BUY,-184,0.28,0.29
2026-01-03T20:52:39.030897Z,price_change,0.33,BUY,184,0.33,0.29
2026-01-03T20:52:39.033588Z,price_change,0.33,BUY,-184,0.28,0.29
2026-01-03T20:52:39.036206Z,price_change,0.39,SELL,-16,0.28,0.29
2026-01-03T20:52:39.041537Z,price_change,0.12,BUY,-467,0.28,0.29
2026-01-03T20:52:39.043239Z,price_change,0.29,BUY,200,0.29,0.29
2026-01-03T20:52:39.044946Z,price_change,0.16,BUY,383,0.29,0.29
2026-01-03T20:52:39.045868Z,price_change,0.29,BUY,500,0.29,0.29
2026-01-03T20:52:39.04805Z,price_change,0.29,BUY,184,0.29,0.29
2026-01-03T20:52:39.049307Z,price_change,0.38,SELL,16,0.29,0.29
2026-01-03T20:52:39.057379Z,price_change,0.29,BUY,-184,0.29,0.29
2026-01-03T20:52:39.07038Z,price_change,0.3,BUY,184,0.3,0.29
2026-01-03T20:52:39.070515Z,price_change,0.38,SELL,113,0.3,0.29
2026-01-03T20:52:39.078326Z,price_change,0.38,SELL,-16,0.3,0.29
2026-01-03T20:52:39.094581Z,price_change,0.39,SELL,16,0.3,0.29
2026-01-03T20:52:39.115277Z,price_change,0.29,BUY,881,0.3,0.29
2026-01-03T20:52:39.119423Z,price_change,0.29,BUY,-881,0.3,0.29
2026-01-03T20:52:39.122525Z,price_change,0.35,SELL,-113,0.3,0.29
2026-01-03T20:52:39.122579Z,price_change,0.33999999999999997,SELL,-113,0.3,0.29
2026-01-03T20:52:39.122767Z,price_change,0.47,SELL,-8000,0.3,0.29
2026-01-03T20:52:39.122904Z,price_change,0.33999999999999997,SELL,-103,0.3,0.29
2026-01-03T20:52:39.123053Z,price_change,0.16,BUY,-113,0.3,0.29
2026-01-03T20:52:39.124086Z,price_change,0.33999999999999997,SELL,-113,0.3,0.29
2026-01-03T20:52:39.124533Z,price_change,0.04,BUY,-8000,0.3,0.29
2026-01-03T20:52:39.12655Z,price_change,0.25,BUY,-113,0.3,0.29
2026-01-03T20:52:39.134669Z,price_change,0.29,BUY,-500,0.3,0.29
2026-01-03T20:52:39.168751Z,price_change,0.33,BUY,500,0.33,0.29
2026-01-03T20:52:39.169641Z,price_change,0.38,SELL,-113,0.33,0.29
2026-01-03T20:52:39.170144Z,price_change,0.36,SELL,500,0.33,0.29
2026-01-03T20:52:39.173727Z,price_change,0.29,BUY,500,0.33,0.29
2026-01-03T20:52:39.180324Z,price_change,0.35,SELL,-1,0.33,0.29
2026-01-03T20:52:39.180324Z,price_change,0.38,SELL,1,0.33,0.29
2026-01-03T20:52:39.181078Z,price_change,0.3,BUY,-184,0.33,0.29
2026-01-03T20:52:39.183921Z,price_change,0.39,SELL,-16,0.33,0.29
2026-01-03T20:52:39.19075Z,price_change,0.51,SELL,8000,0.33,0.29
2026-01-03T20:52:39.193098Z,price_change,0.37,SELL,113,0.33,0.29
2026-01-03T20:52:39.193622Z,price_change,0.26,BUY,113,0.33,0.29
2026-01-03T20:52:39.195377Z,price_change,0.17,BUY,113,0.33,0.29
2026-01-03T20:52:39.195408Z,price_change,0.37,SELL,113,0.33,0.29
2026-01-03T20:52:39.195441Z,price_change,0.38,SELL,113,0.33,0.29
2026-01-03T20:52:39.195498Z,price_change,0.29,BUY,-200,0.33,0.29
2026-01-03T20:52:39.195501Z,price_change,0.29,BUY,-500,0.33,0.29
2026-01-03T20:52:39.19561Z,price_change,0.37,SELL,113,0.33,0.29
2026-01-03T20:52:39.196535Z,price_change,0.34,BUY,184,0.34,0.29
2026-01-03T20:52:39.19948Z,price_change,0.4,SELL,16,0.34,0.29
2026-01-03T20:52:39.200515Z,price_change,0.06,BUY,8000,0.34,0.29
2026-01-03T20:52:39.226515Z,price_change,0.3,BUY,695,0.34,0.29
2026-01-03T20:52:39.257207Z,price_change,0.3,BUY,-695,0.34,0.29
2026-01-03T20:52:39.264119Z,price_change,0.35,SELL,10,0.34,0.29
2026-01-03T20:52:39.27867Z,price_change,0.35,SELL,-1,0.34,0.29
2026-01-03T20:52:39.27867Z,price_change,0.37,SELL,1,0.34,0.29
2026-01-03T20:52:39.297495Z,price_change,0.51,SELL,-8000,0.34,0.29
2026-01-03T20:52:39.333351Z,price_change,0.37,SELL,-113,0.34,0.29
2026-01-03T20:52:39.333416Z,price_change,0.37,SELL,-113,0.34,0.29
2026-01-03T20:52:39.333446Z,price_change,0.38,SELL,-113,0.34,0.29
2026-01-03T20:52:39.334064Z,price_change,0.37,SELL,-113,0.34,0.29
2026-01-03T20:52:39.373759Z,price_change,0.48,SELL,8000,0.34,0.29
2026-01-03T20:52:39.386653Z,price_change,0.38,SELL,-1,0.34,0.29
2026-01-03T20:52:39.386653Z,price_change,0.35,SELL,1,0.34,0.29
2026-01-03T20:52:39.402446Z,price_change,0.35,SELL,113,0.34,0.29
2026-01-03T20:52:39.403982Z,price_change,0.35,SELL,113,0.34,0.29
2026-01-03T20:52:39.404125Z,price_change,0.36,SELL,113,0.34,0.29
2026-01-03T20:52:39.40494Z,price_change,0.35,SELL,113,0.34,0.29
2026-01-03T20:52:39.506683Z,price_change,0.26,BUY,-113,0.34,0.29
2026-01-03T20:52:39.507829Z,price_change,0.01,BUY,4000,0.34,0.29
2026-01-03T20:52:39.507911Z,price_change,0.38,SELL,-84,0.34,0.29
2026-01-03T20:52:39.50819Z,price_change,0.48,SELL,-8000,0.34,0.29
2026-01-03T20:52:39.508219Z,price_change,0.25,BUY,-56,0.34,0.29
2026-01-03T20:52:39.51039Z,price_change,0.17,BUY,-113,0.34,0.29
2026-01-03T20:52:39.534641Z,price_change,0.05,BUY,-28,0.34,0.29
2026-01-03T20:52:39.655817Z,price_change,0.3,BUY,113,0.34,0.29
2026-01-03T20:52:39.657374Z,price_change,0.28,BUY,28,0.34,0.29
2026-01-03T20:52:39.657664Z,price_change,0.49,SELL,8000,0.34,0.29
2026-01-03T20:52:39.657833Z,price_change,0.29,BUY,56,0.34,0.29
2026-01-03T20:52:39.658429Z,price_change,0.26,BUY,113,0.34,0.29
2026-01-03T20:52:39.658975Z,price_change,0.37,SELL,-1,0.34,0.29
2026-01-03T20:52:39.658975Z,price_change,0.36,SELL,1,0.34,0.29
2026-01-03T20:52:39.729774Z,price_change,0.35,SELL,-1,0.34,0.29
2026-01-03T20:52:39.729774Z,price_change,0.36,SELL,1,0.34,0.29
2026-01-03T20:52:39.792065Z,price_change,0.38,SELL,84,0.34,0.29
2026-01-03T20:52:39.792754Z,price_change,0.3,BUY,-113,0.34,0.29
2026-01-03T20:52:39.860832Z,price_change,0.29,BUY,113,0.34,0.29
2026-01-03T20:52:39.946942Z,price_change,0.29,BUY,690,0.34,0.29
2026-01-03T20:52:39.947691Z,price_change,0.38,SELL,690,0.34,0.29
2026-01-03T20:52:40.561205Z,price_change,0.26,BUY,200,0.34,0.29
2026-01-03T20:52:40.613717Z,price_change,0.26,BUY,-113,0.34,0.29
2026-01-03T20:52:40.749923Z,price_change,0.25,BUY,113,0.34,0.29
2026-01-03T20:52:42.154839Z,price_change,0.34,BUY,-184,0.33,0.29
2026-01-03T20:52:42.155837Z,price_change,0.4,SELL,-16,0.33,0.29
2026-01-03T20:52:42.169329Z,price_change,0.33,BUY,134,0.33,0.29
2026-01-03T20:52:42.171843Z,price_change,0.38,SELL,66,0.33,0.29
2026-01-03T20:52:42.216178Z,price_change,0.29,BUY,-56,0.33,0.29
2026-01-03T20:52:42.216649Z,price_change,0.01,BUY,-4000,0.33,0.29
2026-01-03T20:52:42.21764Z,price_change,0.49,SELL,-8000,0.33,0.29
2026-01-03T20:52:42.220394Z,price_change,0.28,BUY,-28,0.33,0.29
2026-01-03T20:52:42.254375Z,price_change,0.35,SELL,-10,0.33,0.29
2026-01-03T20:52:42.25884Z,price_change,0.48,SELL,8000,0.33,0.29
2026-01-03T20:52:42.259062Z,price_change,0.28,BUY,56,0.33,0.29
2026-01-03T20:52:42.260562Z,price_change,0.05,BUY,28,0.33,0.29
2026-01-03T20:52:45.26365Z,price_change,0.35,SELL,-113,0.33,0.29
2026-01-03T20:52:45.26365Z,price_change,0.35,SELL,-113,0.33,0.29
2026-01-03T20:52:45.26365Z,price_change,0.35,SELL,-113,0.33,0.29
2026-01-03T20:52:45.26365Z,price_change,0.36,SELL,-500,0.33,0.29
2026-01-03T20:52:45.26365Z,price_change,0.36,SELL,-113,0.33,0.29
2026-01-03T20:52:45.26365Z,price_change,0.36,SELL,-1,0.33,0.29
2026-01-03T20:52:45.26365Z,price_change,0.36,SELL,-1,0.33,0.29
2026-01-03T20:52:45.26365Z,price_change,0.38,SELL,-28,0.33,0.29
2026-01-03T20:52:45.26365Z,price_change,0.38,SELL,-84,0.33,0.29
2026-01-03T20:52:45.26365Z,price_change,0.38,SELL,-690,0.33,0.29
2026-01-03T20:52:45.26365Z,price_change,0.38,SELL,-66,0.33,0.29
2026-01-03T20:52:45.26365Z,price_change,0.39,SELL,-40,0.33,0.29
2026-01-03T20:52:45.26365Z,price_change,0.39,SELL,-2222,0.33,0.29
2026-01-03T20:52:45.26365Z,price_change,0.4,SELL,-3,0.33,0.29
2026-01-03T20:52:45.26743Z,price_change,0.33,BUY,-134,0.33,0.29
2026-01-03T20:52:45.276558Z,price_change,0.45999999999999996,SELL,33,0.33,0.29
2026-01-03T20:52:45.278123Z,price_change,0.45999999999999996,SELL,-33,0.33,0.29
2026-01-03T20:52:45.281832Z,price_change,0.34,BUY,200,0.34,0.29
2026-01-03T20:52:45.436535Z,price_change,0.35,BUY,29,0.35,0.29
2026-01-03T20:52:45.43803Z,price_change,0.45999999999999996,SELL,101,0.35,0.29
2026-01-03T20:52:45.444828Z,price_change,0.36,SELL,500,0.35,0.29
2026-01-03T20:52:45.451712Z,price_change,0.34,BUY,-200,0.35,0.29
2026-01-03T20:52:45.464244Z,price_change,0.35,BUY,200,0.35,0.29
2026-01-03T20:52:45.496038Z,price_change,0.48,SELL,-8000,0.35,0.29
2026-01-03T20:52:45.497355Z,price_change,0.29,BUY,-113,0.35,0.29
2026-01-03T20:52:45.532283Z,price_change,0.44999999999999996,SELL,500,0.35,0.29
2026-01-03T20:52:45.534004Z,price_change,0.44999999999999996,SELL,-500,0.35,0.29
2026-01-03T20:52:45.552652Z,price_change,0.36,SELL,100,0.35,0.29
2026-01-03T20:52:45.569312Z,price_change,0.26,BUY,-200,0.35,0.29
2026-01-03T20:52:45.573529Z,price_change,0.28,BUY,-56,0.35,0.29
2026-01-03T20:52:45.576041Z,price_change,0.05,BUY,-28,0.35,0.29
2026-01-03T20:52:45.581798Z,price_change,0.01,BUY,4000,0.35,0.29
2026-01-03T20:52:45.582045Z,price_change,0.44999999999999996,SELL,500,0.35,0.29
2026-01-03T20:52:45.592281Z,price_change,0.25,BUY,-113,0.35,0.29
2026-01-03T20:52:45.613583Z,price_change,0.29,BUY,56,0.35,0.29
2026-01-03T20:52:45.614093Z,price_change,0.28,BUY,28,0.35,0.29
2026-01-03T20:52:45.618598Z,price_change,0.26,BUY,54,0.35,0.29
2026-01-03T20:52:45.61877Z,price_change,0.3,BUY,229,0.35,0.29
2026-01-03T20:52:45.633644Z,price_change,0.36,SELL,113,0.35,0.29
2026-01-03T20:52:45.634469Z,price_change,0.3,BUY,113,0.35,0.29
2026-01-03T20:52:45.635606Z,price_change,0.36,SELL,113,0.35,0.29
2026-01-03T20:52:45.636046Z,price_change,0.5700000000000001,SELL,8000,0.35,0.29
2026-01-03T20:52:45.636714Z,price_change,0.72,SELL,84,0.35,0.29
2026-01-03T20:52:45.637076Z,price_change,0.34,BUY,500,0.35,0.29
2026-01-03T20:52:45.638556Z,price_change,0.26,BUY,113,0.35,0.29
2026-01-03T20:52:45.638821Z,price_change,0.37,SELL,113,0.35,0.29
2026-01-03T20:52:45.639868Z,price_change,0.72,SELL,28,0.35,0.29
2026-01-03T20:52:45.649375Z,price_change,0.3,BUY,-229,0.35,0.29
2026-01-03T20:52:45.671922Z,price_change,0.5700000000000001,SELL,-8000,0.35,0.29
2026-01-03T20:52:45.673616Z,price_change,0.33,BUY,-500,0.35,0.29
2026-01-03T20:52:45.699367Z,price_change,0.36,SELL,-500,0.35,0.29
2026-01-03T20:52:45.716442Z,price_change,0.36,SELL,-100,0.35,0.29
2026-01-03T20:52:45.77693Z,price_change,0.35,BUY,-29,0.35,0.29
2026-01-03T20:52:45.777852Z,price_change,0.45999999999999996,SELL,-101,0.35,0.29
2026-01-03T20:52:45.797179Z,price_change,0.44999999999999996,SELL,-400,0.35,0.29
2026-01-03T20:52:45.798408Z,price_change,0.45999999999999996,SELL,1,0.35,0.29
2026-01-03T20:52:45.807325Z,price_change,0.3,BUY,69000,0.35,0.29
2026-01-03T20:52:45.830406Z,price_change,0.36,SELL,-113,0.35,0.29
2026-01-03T20:52:45.832694Z,price_change,0.37,SELL,-113,0.35,0.29
2026-01-03T20:52:45.833056Z,price_change,0.36,SELL,-113,0.35,0.29
2026-01-03T20:52:45.834037Z,price_change,0.55,SELL,8000,0.35,0.29
2026-01-03T20:52:45.875338Z,price_change,0.55,SELL,-8000,0.35,0.29
2026-01-03T20:52:45.875867Z,price_change,0.43999999999999995,SELL,113,0.35,0.29
2026-01-03T20:52:45.878508Z,price_change,0.43999999999999995,SELL,113,0.35,0.29
2026-01-03T20:52:45.879074Z,price_change,0.44999999999999996,SELL,113,0.35,0.29
2026-01-03T20:52:45.913929Z,price_change,0.5900000000000001,SELL,8000,0.35,0.29
2026-01-03T20:52:45.933504Z,price_change,0.47,SELL,1,0.35,0.29
2026-01-03T20:52:45.934071Z,price_change,0.43999999999999995,SELL,213,0.35,0.29
2026-01-03T20:52:45.958407Z,price_change,0.01,BUY,-4000,0.35,0.29
2026-01-03T20:52:45.976306Z,price_change,0.5900000000000001,SELL,-8000,0.35,0.29
2026-01-03T20:52:45.976989Z,price_change,0.43999999999999995,SELL,-113,0.35,0.29
2026-01-03T20:52:45.977677Z,price_change,0.44999999999999996,SELL,-113,0.35,0.29
2026-01-03T20:52:45.982123Z,price_change,0.43000000000000005,SELL,99,0.35,0.29
2026-01-03T20:52:45.994796Z,price_change,0.44999999999999996,SELL,-100,0.35,0.29
2026-01-03T20:52:45.994796Z,price_change,0.45999999999999996,SELL,213,0.35,0.29
2026-01-03T20:52:46.001574Z,price_change,0.02,BUY,4000,0.35,0.29
2026-01-03T20:52:46.019623Z,price_change,0.43000000000000005,SELL,113,0.35,0.29
2026-01-03T20:52:46.01966Z,price_change,0.26,BUY,-113,0.35,0.29
2026-01-03T20:52:46.019976Z,price_change,0.3,BUY,-113,0.35,0.29
2026-01-03T20:52:46.020392Z,price_change,0.28,BUY,-28,0.35,0.29
2026-01-03T20:52:46.02075Z,price_change,0.43000000000000005,SELL,113,0.35,0.29
2026-01-03T20:52:46.020781Z,price_change,0.29,BUY,-56,0.35,0.29
2026-01-03T20:52:46.022059Z,price_change,0.56,SELL,8000,0.35,0.29
2026-01-03T20:52:46.038208Z,price_change,0.02,BUY,-4000,0.35,0.29
2026-01-03T20:52:46.049613Z,price_change,0.45999999999999996,SELL,-213,0.35,0.29
2026-01-03T20:52:46.054094Z,price_change,0.29,BUY,113,0.35,0.29
2026-01-03T20:52:46.0553Z,price_change,0.25,BUY,113,0.35,0.29
2026-01-03T20:52:46.055756Z,price_change,0.43999999999999995,SELL,-213,0.35,0.29
2026-01-03T20:52:46.055832Z,price_change,0.28,BUY,56,0.35,0.29
2026-01-03T20:52:46.056309Z,price_change,0.05,BUY,28,0.35,0.29
2026-01-03T20:52:46.101639Z,price_change,0.56,SELL,-8000,0.35,0.29
2026-01-03T20:52:46.101706Z,price_change,0.43999999999999995,SELL,-113,0.35,0.29
2026-01-03T20:52:46.102563Z,price_change,0.43000000000000005,SELL,-113,0.35,0.29
2026-01-03T20:52:46.102948Z,price_change,0.43000000000000005,SELL,-113,0.35,0.29
2026-01-03T20:52:46.14308Z,price_change,0.45999999999999996,SELL,113,0.35,0.29
2026-01-03T20:52:46.14369Z,price_change,0.47,SELL,113,0.35,0.29
2026-01-03T20:52:46.14396Z,price_change,0.45999999999999996,SELL,113,0.35,0.29
2026-01-03T20:52:46.146025Z,price_change,0.5900000000000001,SELL,8000,0.35,0.29
2026-01-03T20:52:46.182713Z,price_change,0.36,BUY,118,0.36,0.29
2026-01-03T20:52:46.183793Z,price_change,0.44999999999999996,SELL,99,0.36,0.29
2026-01-03T20:52:46.196603Z,price_change,0.35,BUY,-200,0.36,0.29
2026-01-03T20:52:46.209419Z,price_change,0.37,BUY,200,0.37,0.29
2026-01-03T20:52:46.276885Z,price_change,0.43000000000000005,SELL,-99,0.37,0.29
2026-01-03T20:52:46.38378Z,price_change,0.38,BUY,59,0.38,0.29
2026-01-03T20:52:46.386976Z,price_change,0.45999999999999996,SELL,-1,0.38,0.29
2026-01-03T20:52:46.386976Z,price_change,0.43999999999999995,SELL,1,0.38,0.29
2026-01-03T20:52:46.396958Z,price_change,0.37,BUY,-200,0.38,0.29
2026-01-03T20:52:46.40895Z,price_change,0.38,BUY,200,0.38,0.29
2026-01-03T20:52:46.521449Z,price_change,0.47,SELL,-1,0.38,0.29
2026-01-03T20:52:46.521449Z,price_change,0.43000000000000005,SELL,1,0.38,0.29
2026-01-03T20:52:46.533232Z,price_change,0.36,BUY,-118,0.38,0.29
2026-01-03T20:52:46.535416Z,price_change,0.44999999999999996,SELL,-99,0.38,0.29
2026-01-03T20:52:46.576215Z,price_change,0.01,BUY,4000,0.38,0.29
2026-01-03T20:52:46.578945Z,price_change,0.28,BUY,-56,0.38,0.29
2026-01-03T20:52:46.587201Z,price_change,0.35,BUY,98,0.38,0.29
2026-01-03T20:52:46.588932Z,price_change,0.44999999999999996,SELL,128,0.38,0.29
2026-01-03T20:52:46.622781Z,price_change,0.29,BUY,56,0.38,0.29
2026-01-03T20:52:46.640903Z,price_change,0.45999999999999996,SELL,-113,0.38,0.29
2026-01-03T20:52:46.641043Z,price_change,0.45999999999999996,SELL,-113,0.38,0.29
2026-01-03T20:52:46.641658Z,price_change,0.47,SELL,-113,0.38,0.29
2026-01-03T20:52:46.648992Z,price_change,0.39,BUY,64,0.39,0.29
2026-01-03T20:52:46.649921Z,price_change,0.44999999999999996,SELL,64,0.39,0.29
2026-01-03T20:52:46.658003Z,price_change,0.38,BUY,-200,0.39,0.29
2026-01-03T20:52:46.663595Z,price_change,0.05,BUY,-28,0.39,0.29
2026-01-03T20:52:46.670151Z,price_change,0.39,BUY,200,0.39,0.29
2026-01-03T20:52:46.700924Z,price_change,0.43999999999999995,SELL,113,0.39,0.29
2026-01-03T20:52:46.701407Z,price_change,0.43999999999999995,SELL,113,0.39,0.29
2026-01-03T20:52:46.70152Z,price_change,0.44999999999999996,SELL,113,0.39,0.29
2026-01-03T20:52:46.730138Z,price_change,0.28,BUY,28,0.39,0.29
2026-01-03T20:52:46.775581Z,price_change,0.38,BUY,-59,0.39,0.29
2026-01-03T20:52:46.782176Z,price_change,0.34,BUY,-500,0.39,0.29
2026-01-03T20:52:46.78261Z,price_change,0.28,BUY,-28,0.39,0.29
2026-01-03T20:52:46.832169Z,price_change,0.43000000000000005,SELL,-1,0.39,0.29
2026-01-03T20:52:46.832169Z,price_change,0.43999999999999995,SELL,1,0.39,0.29
2026-01-03T20:52:46.919546Z,price_change,0.05,BUY,28,0.39,0.29
2026-01-03T20:52:46.977015Z,price_change,0.05,BUY,-28,0.39,0.29
2026-01-03T20:52:46.988914Z,price_change,0.31,BUY,200,0.39,0.29
2026-01-03T20:52:46.991782Z,price_change,0.45999999999999996,SELL,114,0.39,0.29
2026-01-03T20:52:47.001151Z,price_change,0.39,BUY,-64,0.39,0.29
2026-01-03T20:52:47.001151Z,price_change,0.44999999999999996,SELL,-64,0.39,0.29
2026-01-03T20:52:47.019235Z,price_change,0.39,BUY,-200,0.35,0.29
2026-01-03T20:52:47.02177Z,price_change,0.35,BUY,-98,0.31,0.29
2026-01-03T20:52:47.022553Z,price_change,0.44999999999999996,SELL,-128,0.31,0.29
2026-01-03T20:52:47.034047Z,price_change,0.32,BUY,200,0.32,0.29
2026-01-03T20:52:47.040291Z,price_change,0.32,BUY,50,0.32,0.29
2026-01-03T20:52:47.040906Z,price_change,0.28,BUY,28,0.32,0.29
2026-01-03T20:52:47.043635Z,price_change,0.43999999999999995,SELL,-1,0.32,0.29
2026-01-03T20:52:47.043635Z,price_change,0.45999999999999996,SELL,1,0.32,0.29
2026-01-03T20:52:47.073323Z,price_change,0.43999999999999995,SELL,-113,0.32,0.29
2026-01-03T20:52:47.074997Z,price_change,0.43999999999999995,SELL,-113,0.32,0.29
2026-01-03T20:52:47.080425Z,price_change,0.45999999999999996,SELL,-114,0.32,0.29
2026-01-03T20:52:47.101379Z,price_change,0.31,BUY,-200,0.32,0.29
2026-01-03T20:52:47.101379Z,price_change,0.33,BUY,200,0.33,0.29
2026-01-03T20:52:47.102913Z,price_change,0.33,BUY,100,0.33,0.29
2026-01-03T20:52:47.117046Z,price_change,0.32,BUY,-200,0.33,0.29
2026-01-03T20:52:47.127957Z,price_change,0.44999999999999996,SELL,113,0.33,0.29
2026-01-03T20:52:47.128542Z,price_change,0.34,BUY,200,0.34,0.29
2026-01-03T20:52:47.128769Z,price_change,0.45999999999999996,SELL,113,0.34,0.29
2026-01-03T20:52:47.133146Z,price_change,0.33,BUY,157,0.34,0.29
2026-01-03T20:52:47.134483Z,price_change,0.43999999999999995,SELL,29,0.34,0.29
2026-01-03T20:52:47.179228Z,price_change,0.44999999999999996,SELL,-113,0.34,0.29
2026-01-03T20:52:47.182128Z,price_change,0.44999999999999996,SELL,-113,0.34,0.29
2026-01-03T20:52:47.184824Z,price_change,0.28,BUY,-2222,0.34,0.29
2026-01-03T20:52:47.187559Z,price_change,0.29,BUY,-690,0.34,0.29
2026-01-03T20:52:47.244679Z,price_change,0.28,BUY,-28,0.34,0.29
2026-01-03T20:52:47.245099Z,price_change,0.29,BUY,-56,0.34,0.29
2026-01-03T20:52:47.245485Z,price_change,0.45999999999999996,SELL,113,0.34,0.29
2026-01-03T20:52:47.245665Z,price_change,0.29,BUY,-113,0.34,0.29
2026-01-03T20:52:47.266007Z,price_change,0.47,SELL,113,0.34,0.29
2026-01-03T20:52:47.306444Z,price_change,0.33,BUY,-100,0.34,0.29
2026-01-03T20:52:47.307404Z,price_change,0.27,BUY,113,0.34,0.29
2026-01-03T20:52:47.308112Z,price_change,0.05,BUY,28,0.34,0.29
2026-01-03T20:52:47.30883Z,price_change,0.26,BUY,56,0.34,0.29
2026-01-03T20:52:47.309726Z,price_change,0.25,BUY,-113,0.34,0.29
2026-01-03T20:52:47.310779Z,price_change,0.32,BUY,-50,0.34,0.29
2026-01-03T20:52:47.335161Z,price_change,0.35,BUY,99,0.35,0.29
2026-01-03T20:52:47.336139Z,price_change,0.44999999999999996,SELL,99,0.35,0.29
2026-01-03T20:52:47.337943Z,price_change,0.33,BUY,-200,0.35,0.29
2026-01-03T20:52:47.344598Z,price_change,0.34,BUY,-200,0.35,0.29
2026-01-03T20:52:47.363421Z,price_change,0.35,BUY,200,0.35,0.29
2026-01-03T20:52:47.372981Z,price_change,0.35,BUY,-200,0.35,0.29
2026-01-03T20:52:47.384162Z,price_change,0.4,SELL,50,0.35,0.29
2026-01-03T20:52:47.385147Z,price_change,0.41000000000000003,SELL,100,0.35,0.29
2026-01-03T20:52:47.386264Z,price_change,0.35,BUY,200,0.35,0.29
2026-01-03T20:52:47.387544Z,price_change,0.35,BUY,-200,0.35,0.29
2026-01-03T20:52:47.404206Z,price_change,0.35,BUY,200,0.35,0.29
2026-01-03T20:52:47.410023Z,price_change,0.35,BUY,-200,0.35,0.29
2026-01-03T20:52:47.422789Z,price_change,0.34,BUY,202,0.35,0.29
2026-01-03T20:52:47.424117Z,price_change,0.35,BUY,200,0.35,0.29
2026-01-03T20:52:47.429459Z,price_change,0.35,BUY,-200,0.35,0.29
2026-01-03T20:52:47.437571Z,price_change,0.26,BUY,113,0.35,0.29
2026-01-03T20:52:47.441827Z,price_change,0.35,BUY,200,0.35,0.29
2026-01-03T20:52:47.442939Z,price_change,0.34,BUY,-202,0.35,0.29
2026-01-03T20:52:47.444174Z,price_change,0.45999999999999996,SELL,-113,0.35,0.29
2026-01-03T20:52:47.445349Z,price_change,0.47,SELL,-113,0.35,0.29
2026-01-03T20:52:47.445806Z,price_change,0.45999999999999996,SELL,-113,0.35,0.29
2026-01-03T20:52:47.455449Z,price_change,0.41000000000000003,SELL,-100,0.35,0.29
2026-01-03T20:52:47.501223Z,price_change,0.36,BUY,1,0.36,0.29
2026-01-03T20:52:47.501714Z,price_change,0.45999999999999996,SELL,113,0.36,0.29
2026-01-03T20:52:47.502291Z,price_change,0.47,SELL,113,0.36,0.29
2026-01-03T20:52:47.502379Z,price_change,0.45999999999999996,SELL,113,0.36,0.29
2026-01-03T20:52:47.511143Z,price_change,0.35,BUY,-200,0.36,0.29
2026-01-03T20:52:47.523426Z,price_change,0.36,BUY,200,0.36,0.29
2026-01-03T20:52:47.528661Z,price_change,0.33,BUY,-157,0.36,0.29
2026-01-03T20:52:47.529587Z,price_change,0.43999999999999995,SELL,-29,0.36,0.29
2026-01-03T20:52:47.540826Z,price_change,0.31,BUY,147,0.36,0.29
2026-01-03T20:52:47.557733Z,price_change,0.45999999999999996,SELL,-1,0.36,0.29
2026-01-03T20:52:47.557733Z,price_change,0.43999999999999995,SELL,1,0.36,0.29
2026-01-03T20:52:47.578627Z,price_change,0.45999999999999996,SELL,104,0.36,0.29
2026-01-03T20:52:47.583342Z,price_change,0.34,BUY,202,0.36,0.29
2026-01-03T20:52:47.621964Z,price_change,0.36,BUY,-1,0.36,0.29
2026-01-03T20:52:47.62354Z,price_change,0.43999999999999995,SELL,-1,0.36,0.29
2026-01-03T20:52:47.62354Z,price_change,0.44999999999999996,SELL,1,0.36,0.29
2026-01-03T20:52:47.653488Z,price_change,0.45999999999999996,SELL,-113,0.36,0.29
2026-01-03T20:52:47.654516Z,price_change,0.47,SELL,-113,0.36,0.29
2026-01-03T20:52:47.67366Z,price_change,0.39,SELL,50,0.36,0.29
2026-01-03T20:52:47.693181Z,price_change,0.45999999999999996,SELL,-113,0.36,0.29
2026-01-03T20:52:47.695081Z,price_change,0.4,SELL,-50,0.36,0.29
2026-01-03T20:52:47.74218Z,price_change,0.37,BUY,10,0.37,0.29
2026-01-03T20:52:47.756665Z,price_change,0.43999999999999995,SELL,113,0.37,0.29
2026-01-03T20:52:47.758033Z,price_change,0.36,BUY,-200,0.37,0.29
2026-01-03T20:52:47.758596Z,price_change,0.44999999999999996,SELL,113,0.37,0.29
2026-01-03T20:52:47.762005Z,price_change,0.43999999999999995,SELL,113,0.37,0.29
2026-01-03T20:52:47.766638Z,price_change,0.34,BUY,-202,0.37,0.29
2026-01-03T20:52:47.766638Z,price_change,0.32,BUY,201,0.37,0.29
2026-01-03T20:52:47.769542Z,price_change,0.37,BUY,200,0.37,0.29
2026-01-03T20:52:47.772847Z,price_change,0.37,BUY,-200,0.37,0.29
2026-01-03T20:52:47.777551Z,price_change,0.35,BUY,-99,0.37,0.29
2026-01-03T20:52:47.779014Z,price_change,0.44999999999999996,SELL,-99,0.37,0.29
2026-01-03T20:52:47.780992Z,price_change,0.36,BUY,200,0.37,0.29
2026-01-03T20:52:47.782294Z,price_change,0.36,BUY,-200,0.37,0.29
2026-01-03T20:52:47.797397Z,price_change,0.37,BUY,200,0.37,0.29
2026-01-03T20:52:47.801232Z,price_change,0.32,BUY,-201,0.37,0.29
2026-01-03T20:52:47.806436Z,price_change,0.37,BUY,-200,0.37,0.29
2026-01-03T20:52:47.821515Z,price_change,0.38,BUY,200,0.38,0.29
2026-01-03T20:52:47.824315Z,price_change,0.38,BUY,-200,0.37,0.29
2026-01-03T20:52:47.825699Z,price_change,0.43999999999999995,SELL,-113,0.37,0.29
2026-01-03T20:52:47.826908Z,price_change,0.43999999999999995,SELL,-113,0.37,0.29
2026-01-03T20:52:47.835616Z,price_change,0.37,BUY,200,0.37,0.29
2026-01-03T20:52:47.843597Z,price_change,0.37,BUY,-200,0.37,0.29
2026-01-03T20:52:47.854957Z,price_change,0.32,BUY,200,0.37,0.29
2026-01-03T20:52:47.866399Z,price_change,0.44999999999999996,SELL,113,0.37,0.29
2026-01-03T20:52:47.867197Z,price_change,0.45999999999999996,SELL,113,0.37,0.29
2026-01-03T20:52:47.912256Z,price_change,0.32,BUY,-200,0.37,0.29
2026-01-03T20:52:47.919791Z,price_change,0.33,BUY,200,0.37,0.29
2026-01-03T20:52:47.922099Z,price_change,0.33,BUY,-200,0.37,0.29
2026-01-03T20:52:47.928073Z,price_change,0.37,BUY,-10,0.31,0.29
2026-01-03T20:52:47.929781Z,price_change,0.39,SELL,-50,0.31,0.29
2026-01-03T20:52:47.935695Z,price_change,0.37,BUY,200,0.37,0.29
2026-01-03T20:52:47.936806Z,price_change,0.37,BUY,-200,0.31,0.29
2026-01-03T20:52:47.944157Z,price_change,0.43999999999999995,SELL,99,0.31,0.29
2026-01-03T20:52:47.952021Z,price_change,0.38,BUY,200,0.38,0.29
2026-01-03T20:52:47.953149Z,price_change,0.38,BUY,-200,0.31,0.29
2026-01-03T20:52:47.965412Z,price_change,0.32,BUY,200,0.32,0.29
2026-01-03T20:52:47.967856Z,price_change,0.41000000000000003,SELL,50,0.32,0.29
2026-01-03T20:52:47.987969Z,price_change,0.41000000000000003,SELL,-50,0.32,0.29
2026-01-03T20:52:48.000643Z,price_change,0.31,BUY,-147,0.32,0.29
2026-01-03T20:52:48.010944Z,price_change,0.45999999999999996,SELL,-104,0.32,0.29
2026-01-03T20:52:48.010944Z,price_change,0.44999999999999996,SELL,119,0.32,0.29
2026-01-03T20:52:48.013106Z,price_change,0.32,BUY,-200,0.3,0.29
2026-01-03T20:52:48.023946Z,price_change,0.31,BUY,200,0.31,0.29
2026-01-03T20:52:48.028646Z,price_change,0.44999999999999996,SELL,-113,0.31,0.29
2026-01-03T20:52:48.02985Z,price_change,0.44999999999999996,SELL,-113,0.31,0.29
2026-01-03T20:52:48.030015Z,price_change,0.26,BUY,-113,0.31,0.29
2026-01-03T20:52:48.030537Z,price_change,0.45999999999999996,SELL,-113,0.31,0.29
2026-01-03T20:52:48.034716Z,price_change,0.44999999999999996,SELL,-119,0.31,0.29
2026-01-03T20:52:48.034716Z,price_change,0.45999999999999996,SELL,113,0.31,0.29
2026-01-03T20:52:48.055732Z,price_change,0.42000000000000004,SELL,50,0.31,0.29
2026-01-03T20:52:48.069625Z,price_change,0.28,BUY,201,0.31,0.29
2026-01-03T20:52:48.076406Z,price_change,0.25,BUY,113,0.31,0.29
2026-01-03T20:52:48.077943Z,price_change,0.43000000000000005,SELL,113,0.31,0.29
2026-01-03T20:52:48.078936Z,price_change,0.43999999999999995,SELL,113,0.31,0.29
2026-01-03T20:52:48.079204Z,price_change,0.43000000000000005,SELL,113,0.31,0.29
2026-01-03T20:52:48.085897Z,price_change,0.45999999999999996,SELL,50,0.31,0.29
2026-01-03T20:52:48.101904Z,price_change,0.39,SELL,50,0.31,0.29
2026-01-03T20:52:48.105869Z,price_change,0.45999999999999996,SELL,-163,0.31,0.29
2026-01-03T20:52:48.107931Z,price_change,0.28,BUY,-201,0.31,0.29
2026-01-03T20:52:48.110637Z,price_change,0.43999999999999995,SELL,-1,0.31,0.29
2026-01-03T20:52:48.110637Z,price_change,0.45999999999999996,SELL,1,0.31,0.29
2026-01-03T20:52:48.117061Z,price_change,0.26,BUY,-56,0.31,0.29
2026-01-03T20:52:48.118479Z,price_change,0.27,BUY,-113,0.31,0.29
2026-01-03T20:52:48.120458Z,price_change,0.42000000000000004,SELL,-50,0.31,0.29
2026-01-03T20:52:48.139159Z,price_change,0.39,SELL,-50,0.31,0.29
2026-01-03T20:52:48.144292Z,price_change,0.44999999999999996,SELL,-1,0.31,0.29
2026-01-03T20:52:48.144292Z,price_change,0.43000000000000005,SELL,1,0.31,0.29
2026-01-03T20:52:48.157357Z,price_change,0.26,BUY,56,0.31,0.29
2026-01-03T20:52:48.158488Z,price_change,0.43000000000000005,SELL,-113,0.31,0.29
2026-01-03T20:52:48.159397Z,price_change,0.43999999999999995,SELL,-113,0.31,0.29
2026-01-03T20:52:48.159581Z,price_change,0.43000000000000005,SELL,-113,0.31,0.29
2026-01-03T20:52:48.161106Z,price_change,0.27,BUY,113,0.31,0.29
2026-01-03T20:52:48.176378Z,price_change,0.42000000000000004,SELL,50,0.31,0.29
2026-01-03T20:52:48.178915Z,price_change,0.47,SELL,163,0.31,0.29
2026-01-03T20:52:48.214724Z,price_change,0.47,SELL,-163,0.31,0.29
2026-01-03T20:52:48.216634Z,price_change,0.39,SELL,50,0.31,0.29
2026-01-03T20:52:48.225998Z,price_change,0.47,SELL,113,0.31,0.29
2026-01-03T20:52:48.226461Z,price_change,0.45999999999999996,SELL,113,0.31,0.29
2026-01-03T20:52:48.227391Z,price_change,0.45999999999999996,SELL,113,0.31,0.29
2026-01-03T20:52:48.234258Z,price_change,0.42000000000000004,SELL,-50,0.31,0.29
2026-01-03T20:52:48.253058Z,price_change,0.39,SELL,-50,0.31,0.29
2026-01-03T20:52:48.273197Z,price_change,0.43999999999999995,SELL,-99,0.31,0.29
2026-01-03T20:52:48.295441Z,price_change,0.41000000000000003,SELL,50,0.31,0.29
2026-01-03T20:52:48.339998Z,price_change,0.39,SELL,50,0.31,0.29
2026-01-03T20:52:48.359235Z,price_change,0.41000000000000003,SELL,-50,0.31,0.29
2026-01-03T20:52:48.372045Z,price_change,0.32,BUY,77,0.32,0.29
2026-01-03T20:52:48.373256Z,price_change,0.43000000000000005,SELL,77,0.32,0.29
2026-01-03T20:52:48.385723Z,price_change,0.31,BUY,-200,0.32,0.29
2026-01-03T20:52:48.391191Z,price_change,0.44999999999999996,SELL,132,0.32,0.29
2026-01-03T20:52:48.401585Z,price_change,0.32,BUY,200,0.32,0.29
2026-01-03T20:52:48.403053Z,price_change,0.32,BUY,-200,0.32,0.29
2026-01-03T20:52:48.420033Z,price_change,0.31,BUY,200,0.32,0.29
2026-01-03T20:52:48.432141Z,price_change,0.31,BUY,-200,0.32,0.29
2026-01-03T20:52:48.440691Z,price_change,0.32,BUY,200,0.32,0.29
2026-01-03T20:52:48.44319Z,price_change,0.32,BUY,-200,0.32,0.29
2026-01-03T20:52:48.445926Z,price_change,0.47,SELL,-113,0.32,0.29
2026-01-03T20:52:48.447192Z,price_change,0.45999999999999996,SELL,-113,0.32,0.29
2026-01-03T20:52:48.448134Z,price_change,0.45999999999999996,SELL,-113,0.32,0.29
2026-01-03T20:52:48.454615Z,price_change,0.43000000000000005,SELL,-1,0.32,0.29
2026-01-03T20:52:48.454615Z,price_change,0.45999999999999996,SELL,1,0.32,0.29
2026-01-03T20:52:48.46048Z,price_change,0.32,BUY,200,0.32,0.29
2026-01-03T20:52:48.461656Z,price_change,0.32,BUY,-200,0.32,0.29
2026-01-03T20:52:48.47255Z,price_change,0.31,BUY,200,0.32,0.29
2026-01-03T20:52:48.473643Z,price_change,0.31,BUY,-200,0.32,0.29
2026-01-03T20:52:48.486338Z,price_change,0.32,BUY,200,0.32,0.29
2026-01-03T20:52:48.497565Z,price_change,0.32,BUY,-200,0.32,0.29
2026-01-03T20:52:48.511255Z,price_change,0.31,BUY,200,0.32,0.29
2026-01-03T20:52:48.522016Z,price_change,0.31,BUY,-200,0.32,0.29
2026-01-03T20:52:48.537596Z,price_change,0.32,BUY,200,0.32,0.29
2026-01-03T20:52:48.54013Z,price_change,0.33,BUY,157,0.33,0.29
2026-01-03T20:52:48.540554Z,price_change,0.42000000000000004,SELL,2,0.33,0.29
2026-01-03T20:52:48.541892Z,price_change,0.42000000000000004,SELL,29,0.33,0.29
2026-01-03T20:52:48.552342Z,price_change,0.32,BUY,-200,0.33,0.29
2026-01-03T20:52:48.566055Z,price_change,0.33,BUY,200,0.33,0.29
2026-01-03T20:52:48.573312Z,price_change,0.33,BUY,-200,0.33,0.29
2026-01-03T20:52:48.58104Z,price_change,0.43999999999999995,SELL,113,0.33,0.29
2026-01-03T20:52:48.581332Z,price_change,0.43999999999999995,SELL,113,0.33,0.29
2026-01-03T20:52:48.583653Z,price_change,0.34,BUY,200,0.34,0.29
2026-01-03T20:52:48.586846Z,price_change,0.44999999999999996,SELL,113,0.34,0.29
2026-01-03T20:52:48.623748Z,price_change,0.42000000000000004,SELL,-2,0.34,0.29
2026-01-03T20:52:48.661854Z,price_change,0.38,SELL,50,0.34,0.29
2026-01-03T20:52:48.661979Z,price_change,0.42000000000000004,SELL,1,0.34,0.29
2026-01-03T20:52:48.664847Z,price_change,0.45999999999999996,SELL,-1,0.34,0.29
2026-01-03T20:52:48.664847Z,price_change,0.43000000000000005,SELL,1,0.34,0.29
2026-01-03T20:52:48.680396Z,price_change,0.39,SELL,-50,0.34,0.29
2026-01-03T20:52:48.697085Z,price_change,0.38,SELL,-50,0.34,0.29
2026-01-03T20:52:48.697085Z,price_change,0.38,BUY,200,0.38,0.29
2026-01-03T20:52:48.699026Z,price_change,0.48,SELL,250,0.38,0.29
2026-01-03T20:52:48.708753Z,price_change,0.34,BUY,-200,0.38,0.29
2026-01-03T20:52:48.717643Z,price_change,0.34,BUY,245,0.38,0.29
2026-01-03T20:52:48.719056Z,price_change,0.39,BUY,200,0.39,0.29
2026-01-03T20:52:48.726867Z,price_change,0.45999999999999996,SELL,-1,0.39,0.29
2026-01-03T20:52:48.726867Z,price_change,0.43000000000000005,SELL,1,0.39,0.29
2026-01-03T20:52:48.740101Z,price_change,0.34,BUY,200,0.39,0.29
2026-01-03T20:52:48.754882Z,price_change,0.34,BUY,-200,0.39,0.29
2026-01-03T20:52:48.781171Z,price_change,0.42000000000000004,SELL,-1,0.39,0.29
2026-01-03T20:52:49.001114Z,price_change,0.33,BUY,-157,0.39,0.29
2026-01-03T20:52:49.001114Z,price_change,0.42000000000000004,SELL,-29,0.39,0.29
2026-01-03T20:52:49.001114Z,price_change,0.43000000000000005,SELL,-77,0.39,0.29
2026-01-03T20:52:49.001114Z,price_change,0.32,BUY,-77,0.39,0.29
2026-01-03T20:52:49.028915Z,price_change,0.44999999999999996,SELL,-132,0.39,0.29
2026-01-03T20:52:49.029786Z,price_change,0.34,BUY,-245,0.39,0.29
2026-01-03T20:52:49.029786Z,price_change,0.31,BUY,200,0.39,0.29
2026-01-03T20:52:49.127284Z,price_change,0.43999999999999995,SELL,-113,0.39,0.29
2026-01-03T20:52:49.128194Z,price_change,0.43999999999999995,SELL,-113,0.39,0.29
2026-01-03T20:52:49.128917Z,price_change,0.44999999999999996,SELL,-113,0.39,0.29
2026-01-03T20:52:49.149683Z,price_change,0.47,SELL,163,0.39,0.29
2026-01-03T20:52:49.177141Z,price_change,0.25,BUY,-113,0.39,0.29
2026-01-03T20:52:49.17762Z,price_change,0.45999999999999996,SELL,113,0.39,0.29
2026-01-03T20:52:49.178678Z,price_change,0.45999999999999996,SELL,113,0.39,0.29
2026-01-03T20:52:49.181704Z,price_change,0.47,SELL,113,0.39,0.29
2026-01-03T20:52:49.202251Z,price_change,0.47,SELL,-163,0.39,0.29
2026-01-03T20:52:49.210009Z,price_change,0.43000000000000005,SELL,-1,0.39,0.29
2026-01-03T20:52:49.210009Z,price_change,0.45999999999999996,SELL,1,0.39,0.29
2026-01-03T20:52:49.237515Z,price_change,0.26,BUY,113,0.39,0.29
2026-01-03T20:52:49.319289Z,price_change,0.43000000000000005,SELL,-1,0.39,0.29
2026-01-03T20:52:49.319289Z,price_change,0.45999999999999996,SELL,1,0.39,0.29
2026-01-03T20:52:49.343001Z,price_change,0.47,SELL,-498,0.39,0.29
2026-01-03T20:52:49.345568Z,price_change,0.5800000000000001,SELL,428,0.39,0.29
2026-01-03T20:52:49.474576Z,price_change,0.47,SELL,163,0.39,0.29
2026-01-03T20:52:49.52923Z,price_change,0.45999999999999996,SELL,-113,0.39,0.29
2026-01-03T20:52:49.531375Z,price_change,0.5900000000000001,SELL,-8000,0.39,0.29
2026-01-03T20:52:49.532058Z,price_change,0.45999999999999996,SELL,-113,0.39,0.29
