timestamp,event_type,price,side,size,best_bid,best_ask
,book,0.7200,BUY,463358,0.7200,0.73
,book,0.73,SELL,113051,0.7200,0.73
,book,0.7200,BUY,13463,0.7200,0.73
,book,0.73,SELL,12854,0.7200,0.73
2026-01-08T02:14:13.017495Z,price_change,0.71,BUY,17028,0.72,0.7300
2026-01-08T02:14:14.614198Z,price_change,0.7400,SELL,-1117,0.72,0.7300
2026-01-08T02:14:16.52188Z,price_change,0.7300,SELL,-8,0.72,0.7300
1767838456,last_trade_price,0.73,BUY,8,0.72,0.7300
2026-01-08T02:14:18.019908Z,price_change,0.7300,SELL,-21,0.72,0.7300
1767838458,last_trade_price,0.73,BUY,21,0.72,0.7300
2026-01-08T02:14:19.498191Z,price_change,0.7300,SELL,-4,0.72,0.7300
1767838459,last_trade_price,0.73,BUY,4,0.72,0.7300
2026-01-08T02:14:20.128347Z,price_change,0.7400,SELL,-189,0.72,0.7300
2026-01-08T02:14:20.801352Z,price_change,0.7300,SELL,-500,0.72,0.7300
2026-01-08T02:14:21.036112Z,price_change,0.7500,SELL,100,0.72,0.7300
2026-01-08T02:14:21.206847Z,price_change,0.7,BUY,100,0.72,0.7300
2026-01-08T02:14:50.250468Z,price_change,0.7400,SELL,-15801,0.72,0.7300
2026-01-08T02:14:50.618442Z,price_change,0.7400,SELL,15965,0.72,0.7300
2026-01-08T02:14:51.1311Z,price_change,0.71,BUY,-8908,0.72,0.7300
2026-01-08T02:14:51.132135Z,price_change,0.7400,SELL,-300000,0.72,0.7300
2026-01-08T02:14:51.303817Z,price_change,0.72,BUY,8908,0.72,0.7300
2026-01-08T02:14:51.306196Z,price_change,0.7400,SELL,300000,0.72,0.7300
2026-01-08T02:14:51.640685Z,price_change,0.7500,SELL,-940,0.72,0.7300
2026-01-08T02:14:51.979415Z,price_change,0.7,BUY,-28,0.72,0.7300
2026-01-08T02:14:51.980236Z,price_change,0.7400,SELL,-716,0.72,0.7300
2026-01-08T02:14:51.998477Z,price_change,0.7500,SELL,597,0.72,0.7300
2026-01-08T02:14:51.999977Z,price_change,0.7600,SELL,635,0.72,0.7300
2026-01-08T02:14:52.174072Z,price_change,0.72,BUY,-8908,0.72,0.7300
2026-01-08T02:14:52.175694Z,price_change,0.7400,SELL,-300000,0.72,0.7300
2026-01-08T02:14:52.374857Z,price_change,0.72,BUY,8908,0.72,0.7300
2026-01-08T02:14:52.377025Z,price_change,0.7400,SELL,300000,0.72,0.7300
2026-01-08T02:14:57.689149Z,price_change,0.7400,SELL,390,0.72,0.7300
2026-01-08T02:14:58.704882Z,price_change,0.71,BUY,-17028,0.72,0.7300
2026-01-08T02:14:58.70615Z,price_change,0.71,BUY,-15232,0.72,0.7300
2026-01-08T02:14:59.116661Z,price_change,0.71,BUY,32760,0.72,0.7300
2026-01-08T02:15:00.927027Z,price_change,0.7300,SELL,-2,0.72,0.7300
1767838500,last_trade_price,0.73,BUY,2,0.72,0.7300
2026-01-08T02:15:08.762304Z,price_change,0.5,BUY,40,0.72,0.7300
2026-01-08T02:15:09.318476Z,price_change,0.7400,SELL,-20,0.72,0.7300
2026-01-08T02:15:09.411143Z,price_change,0.7500,SELL,20,0.72,0.7300
2026-01-08T02:15:14.113331Z,price_change,0.71,BUY,36900,0.72,0.7300
2026-01-08T02:15:28.282212Z,price_change,0.7500,SELL,25000,0.72,0.7300
2026-01-08T02:15:32.297281Z,price_change,0.7300,SELL,-37,0.72,0.7300
1767838532,last_trade_price,0.73,BUY,37,0.72,0.7300
2026-01-08T02:15:45.270379Z,price_change,0.7300,SELL,-12,0.72,0.7300
1767838545,last_trade_price,0.73,BUY,12,0.72,0.7300
2026-01-08T02:15:48.693892Z,price_change,0.7300,SELL,-67,0.72,0.7300
1767838548,last_trade_price,0.73,BUY,67,0.72,0.7300
2026-01-08T02:15:55.241217Z,price_change,0.7300,SELL,-1,0.72,0.7300
1767838555,last_trade_price,0.73,BUY,1,0.72,0.7300
2026-01-08T02:15:59.258699Z,price_change,0.7400,SELL,-281,0.72,0.7300
2026-01-08T02:15:59.27888Z,price_change,0.7400,SELL,-390,0.72,0.7300
2026-01-08T02:16:04.854003Z,price_change,0.7300,SELL,-33,0.72,0.7300
1767838564,last_trade_price,0.73,BUY,33,0.72,0.7300
2026-01-08T02:16:05.996517Z,price_change,0.7300,SELL,-12,0.72,0.7300
1767838565,last_trade_price,0.73,BUY,12,0.72,0.7300
2026-01-08T02:16:07.574854Z,price_change,0.67,BUY,600,0.72,0.7300
2026-01-08T02:16:23.000191Z,price_change,0.7,BUY,-8000,0.72,0.7300
2026-01-08T02:16:23.545888Z,price_change,0.7300,SELL,-5,0.72,0.7300
1767838583,last_trade_price,0.73,BUY,5,0.72,0.7300
2026-01-08T02:16:26.600807Z,price_change,0.7300,SELL,-16,0.72,0.7300
1767838586,last_trade_price,0.73,BUY,16,0.72,0.7300
2026-01-08T02:16:28.481458Z,price_change,0.7300,SELL,-33,0.72,0.7300
1767838588,last_trade_price,0.73,BUY,33,0.72,0.7300
2026-01-08T02:16:33.187777Z,price_change,0.7300,SELL,-4,0.72,0.7300
1767838593,last_trade_price,0.73,BUY,4,0.72,0.7300
2026-01-08T02:16:38.271979Z,price_change,0.7300,SELL,-13,0.72,0.7300
1767838598,last_trade_price,0.73,BUY,13,0.72,0.7300
2026-01-08T02:16:41.898723Z,price_change,0.71,BUY,-36900,0.72,0.7300
2026-01-08T02:16:41.899909Z,price_change,0.71,BUY,-2275,0.72,0.7300
2026-01-08T02:16:42.403125Z,price_change,0.71,BUY,39247,0.72,0.7300
2026-01-08T02:16:47.596392Z,price_change,0.7300,SELL,-26,0.72,0.7300
1767838607,last_trade_price,0.73,BUY,26,0.72,0.7300
2026-01-08T02:16:56.410656Z,price_change,0.7300,SELL,-13,0.72,0.7300
1767838616,last_trade_price,0.73,BUY,13,0.72,0.7300
2026-01-08T02:16:58.69454Z,price_change,0.7,BUY,-253,0.72,0.7300
2026-01-08T02:16:59.624049Z,price_change,0.7,BUY,253,0.72,0.7300
2026-01-08T02:17:09.410404Z,price_change,0.71,BUY,-17975,0.72,0.7300
2026-01-08T02:17:10.260577Z,price_change,0.7400,SELL,-1000,0.72,0.7300
2026-01-08T02:17:21.497818Z,price_change,0.7400,SELL,1000,0.72,0.7300
2026-01-08T02:17:26.096889Z,price_change,0.7300,SELL,-409,0.72,0.7300
1767838646,last_trade_price,0.73,BUY,409,0.72,0.7300
2026-01-08T02:17:27.443481Z,price_change,0.7300,SELL,-33,0.72,0.7300
1767838647,last_trade_price,0.73,BUY,33,0.72,0.7300
2026-01-08T02:17:27.611143Z,price_change,0.7400,SELL,-34,0.72,0.7300
2026-01-08T02:17:31.458875Z,price_change,0.7300,SELL,-13,0.72,0.7300
1767838651,last_trade_price,0.73,BUY,13,0.72,0.7300
2026-01-08T02:17:36.962691Z,price_change,0.67,BUY,-388,0.72,0.7300
2026-01-08T02:17:43.052423Z,price_change,0.7300,SELL,-20,0.72,0.7300
1767838663,last_trade_price,0.73,BUY,20,0.72,0.7300
2026-01-08T02:17:48.31026Z,price_change,0.7400,SELL,-15965,0.72,0.7300
2026-01-08T02:17:48.805088Z,price_change,0.7400,SELL,-134,0.72,0.7300
2026-01-08T02:17:48.847118Z,price_change,0.7400,SELL,15965,0.72,0.7300
2026-01-08T02:17:49.574088Z,price_change,0.71,BUY,-21272,0.72,0.7300
2026-01-08T02:17:49.575221Z,price_change,0.71,BUY,-14757,0.72,0.7300
2026-01-08T02:17:50.082294Z,price_change,0.7,BUY,-3244,0.72,0.7300
2026-01-08T02:17:51.932097Z,price_change,0.7300,SELL,-5,0.72,0.7300
1767838671,last_trade_price,0.73,BUY,5,0.72,0.7300
2026-01-08T02:17:58.164436Z,price_change,0.7400,SELL,-50000,0.72,0.7300
2026-01-08T02:17:58.164436Z,price_change,0.7500,SELL,50000,0.72,0.7300
2026-01-08T02:17:58.667874Z,price_change,0.7300,SELL,-72,0.72,0.7300
1767838678,last_trade_price,0.73,BUY,72,0.72,0.7300
2026-01-08T02:17:58.994637Z,price_change,0.7400,SELL,-1384,0.72,0.7300
2026-01-08T02:18:03.291542Z,price_change,0.7400,SELL,-17916,0.72,0.7300
2026-01-08T02:18:03.292794Z,price_change,0.7400,SELL,-12004,0.72,0.7300
2026-01-08T02:18:03.293743Z,price_change,0.7600,SELL,176449,0.72,0.7300
2026-01-08T02:18:03.340632Z,price_change,0.7600,SELL,182022,0.72,0.7300
2026-01-08T02:18:03.361892Z,price_change,0.7400,SELL,-20657,0.72,0.7300
2026-01-08T02:18:03.363062Z,price_change,0.7400,SELL,-588,0.72,0.7300
2026-01-08T02:18:03.364081Z,price_change,0.7400,SELL,-10147,0.72,0.7300
2026-01-08T02:18:03.398731Z,price_change,0.7400,SELL,-75,0.72,0.7300
2026-01-08T02:18:03.452254Z,price_change,0.7400,SELL,-5,0.72,0.7300
2026-01-08T02:18:03.704591Z,price_change,0.7500,SELL,-100,0.72,0.7300
2026-01-08T02:18:05.099444Z,price_change,0.7300,SELL,-134,0.72,0.7300
1767838685,last_trade_price,0.73,BUY,134,0.72,0.7300
2026-01-08T02:18:07.432103Z,price_change,0.7500,SELL,-233,0.72,0.7300
2026-01-08T02:18:09.108654Z,price_change,0.71,BUY,-10000,0.72,0.7300
2026-01-08T02:18:09.110455Z,price_change,0.7500,SELL,-10000,0.72,0.7300
2026-01-08T02:18:09.668776Z,price_change,0.7500,SELL,-200,0.72,0.7300
2026-01-08T02:18:09.695672Z,price_change,0.71,BUY,-200,0.72,0.7300
2026-01-08T02:18:09.724327Z,price_change,0.7600,SELL,200,0.72,0.7300
2026-01-08T02:18:09.751415Z,price_change,0.72,BUY,200,0.72,0.7300
2026-01-08T02:18:10.382448Z,price_change,0.7300,SELL,-8,0.72,0.7300
1767838690,last_trade_price,0.73,BUY,8,0.72,0.7300
2026-01-08T02:18:10.486639Z,price_change,0.7300,SELL,-2,0.72,0.7300
1767838690,last_trade_price,0.73,BUY,2,0.72,0.7300
2026-01-08T02:18:12.91585Z,price_change,0.7300,SELL,-1,0.72,0.7300
1767838692,last_trade_price,0.73,BUY,1,0.72,0.7300
2026-01-08T02:18:13.948739Z,price_change,0.7500,SELL,100,0.72,0.7300
2026-01-08T02:18:17.954131Z,price_change,0.7300,SELL,-26,0.72,0.7300
1767838697,last_trade_price,0.73,BUY,26,0.72,0.7300
2026-01-08T02:18:20.897765Z,price_change,0.7300,SELL,-26,0.72,0.7300
1767838700,last_trade_price,0.73,BUY,26,0.72,0.7300
2026-01-08T02:18:27.90301Z,price_change,0.7300,SELL,-1,0.72,0.7300
1767838707,last_trade_price,0.73,BUY,1,0.72,0.7300
2026-01-08T02:18:29.357447Z,price_change,0.7500,SELL,107,0.72,0.7300
2026-01-08T02:18:31.088808Z,price_change,0.7,BUY,-109935,0.72,0.7300
2026-01-08T02:18:31.089718Z,price_change,0.72,BUY,4275,0.72,0.7300
2026-01-08T02:18:31.25988Z,price_change,0.69,BUY,-5,0.72,0.7300
2026-01-08T02:18:31.33941Z,price_change,0.72,BUY,5,0.72,0.7300
2026-01-08T02:18:34.28609Z,price_change,0.7600,SELL,-7568,0.72,0.7300
2026-01-08T02:18:34.307666Z,price_change,0.7600,SELL,-7807,0.72,0.7300
2026-01-08T02:18:38.160516Z,price_change,0.7600,SELL,-392,0.72,0.7300
2026-01-08T02:18:38.482679Z,price_change,0.7600,SELL,392,0.72,0.7300
2026-01-08T02:18:40.247163Z,price_change,0.72,BUY,-4275,0.72,0.7300
2026-01-08T02:18:42.055663Z,price_change,0.7300,SELL,-1,0.72,0.7300
1767838722,last_trade_price,0.73,BUY,1,0.72,0.7300
2026-01-08T02:18:42.719882Z,price_change,0.16,BUY,18,0.72,0.7300
2026-01-08T02:18:42.895318Z,price_change,0.7700,SELL,-105,0.72,0.7300
2026-01-08T02:18:42.955928Z,price_change,0.7600,SELL,100,0.72,0.7300
2026-01-08T02:18:48.093255Z,price_change,0.7600,SELL,-651,0.72,0.7300
2026-01-08T02:18:49.439623Z,price_change,0.7300,SELL,-13,0.72,0.7300
1767838729,last_trade_price,0.73,BUY,13,0.72,0.7300
2026-01-08T02:18:52.035325Z,price_change,0.7700,SELL,764,0.72,0.7300
2026-01-08T02:18:53.81933Z,price_change,0.7300,SELL,-8,0.72,0.7300
1767838733,last_trade_price,0.73,BUY,8,0.72,0.7300
2026-01-08T02:18:55.600013Z,price_change,0.7300,SELL,-400,0.72,0.7300
1767838735,last_trade_price,0.73,BUY,400,0.72,0.7300
2026-01-08T02:18:58.868628Z,price_change,0.7300,SELL,-18,0.72,0.7300
1767838738,last_trade_price,0.73,BUY,18,0.72,0.7300
2026-01-08T02:18:58.939308Z,price_change,0.7300,SELL,-6,0.72,0.7300
1767838738,last_trade_price,0.73,BUY,6,0.72,0.7300
2026-01-08T02:18:59.36914Z,price_change,0.7600,SELL,-1646,0.72,0.7300
2026-01-08T02:18:59.381845Z,price_change,0.7600,SELL,-392,0.72,0.7300
2026-01-08T02:19:00.484467Z,price_change,0.7700,SELL,-764,0.72,0.7300
2026-01-08T02:19:02.144003Z,price_change,0.7700,SELL,778,0.72,0.7300
2026-01-08T02:19:02.81425Z,price_change,0.7300,SELL,-66,0.72,0.7300
1767838742,last_trade_price,0.73,BUY,66,0.72,0.7300
2026-01-08T02:19:07.000143Z,price_change,0.67,BUY,-600,0.72,0.7300
2026-01-08T02:19:09.03037Z,price_change,0.67,BUY,600,0.72,0.7300
2026-01-08T02:19:11.713173Z,price_change,0.7700,SELL,-778,0.72,0.7300
2026-01-08T02:19:12.108663Z,price_change,0.7700,SELL,778,0.72,0.7300
2026-01-08T02:19:12.401232Z,price_change,0.7600,SELL,12000,0.72,0.7300
2026-01-08T02:19:13.261545Z,price_change,0.7700,SELL,-778,0.72,0.7300
2026-01-08T02:19:15.107016Z,price_change,0.7400,SELL,18,0.72,0.7300
2026-01-08T02:19:15.124086Z,price_change,0.7600,SELL,-172177,0.72,0.7300
2026-01-08T02:19:15.139952Z,price_change,0.7500,SELL,-106,0.72,0.7300
2026-01-08T02:19:15.149102Z,price_change,0.7600,SELL,-168881,0.72,0.7300
2026-01-08T02:19:15.150071Z,price_change,0.71,BUY,1844,0.72,0.7300
2026-01-08T02:19:15.151001Z,price_change,0.7,BUY,111873,0.72,0.7300
2026-01-08T02:19:15.153642Z,price_change,0.7500,SELL,-107,0.72,0.7300
2026-01-08T02:19:15.156101Z,price_change,0.7500,SELL,-334,0.72,0.7300
2026-01-08T02:19:15.157522Z,price_change,0.7500,SELL,-413,0.72,0.7300
2026-01-08T02:19:15.212525Z,price_change,0.7500,SELL,940,0.72,0.7300
2026-01-08T02:19:15.239979Z,price_change,0.7400,SELL,5,0.72,0.7300
2026-01-08T02:19:15.243349Z,price_change,0.72,BUY,-5,0.72,0.7300
2026-01-08T02:19:15.263973Z,price_change,0.7600,SELL,-12000,0.72,0.7300
2026-01-08T02:19:15.352869Z,price_change,0.69,BUY,5,0.72,0.7300
2026-01-08T02:19:15.698419Z,price_change,0.7500,SELL,-100,0.72,0.7300
2026-01-08T02:19:15.976629Z,price_change,0.71,BUY,-75,0.72,0.7300
2026-01-08T02:19:16.16642Z,price_change,0.7,BUY,-100,0.72,0.7300
2026-01-08T02:19:16.290192Z,price_change,0.7300,SELL,-6,0.72,0.7300
1767838756,last_trade_price,0.73,BUY,6,0.72,0.7300
2026-01-08T02:19:19.494404Z,price_change,0.7300,SELL,-100,0.72,0.7300
1767838759,last_trade_price,0.73,BUY,100,0.72,0.7300
2026-01-08T02:19:19.733514Z,price_change,0.7400,SELL,-5,0.72,0.7300
2026-01-08T02:19:20.080291Z,price_change,0.7500,SELL,5948,0.72,0.7300
2026-01-08T02:19:20.092329Z,price_change,0.7500,SELL,6593,0.72,0.7300
2026-01-08T02:19:20.12214Z,price_change,0.7700,SELL,778,0.72,0.7300
2026-01-08T02:19:20.355402Z,price_change,0.7,BUY,12000,0.72,0.7300
2026-01-08T02:19:21.207Z,price_change,0.7600,SELL,166797,0.72,0.7300
2026-01-08T02:19:21.224469Z,price_change,0.7400,SELL,-18,0.72,0.7300
2026-01-08T02:19:21.24146Z,price_change,0.7300,SELL,-2,0.72,0.7300
2026-01-08T02:19:21.243141Z,price_change,0.7600,SELL,172065,0.72,0.7300
1767838761,last_trade_price,0.73,BUY,2,0.72,0.7300
2026-01-08T02:19:27.145467Z,price_change,0.7600,SELL,112,0.72,0.7300
2026-01-08T02:19:27.252008Z,price_change,0.7600,SELL,12000,0.72,0.7300
2026-01-08T02:19:28.131408Z,price_change,0.7700,SELL,-778,0.72,0.7300
1767838768,last_trade_price,0.73,BUY,1,0.72,0.7300
2026-01-08T02:19:28.240798Z,price_change,0.7300,SELL,-1,0.72,0.7300
2026-01-08T02:19:28.911762Z,price_change,0.7700,SELL,778,0.72,0.7300
2026-01-08T02:19:29.034714Z,price_change,0.7600,SELL,10226,0.72,0.7300
2026-01-08T02:19:29.049646Z,price_change,0.7600,SELL,10437,0.72,0.7300
2026-01-08T02:19:30.216723Z,price_change,0.7,BUY,-111873,0.72,0.7300
2026-01-08T02:19:30.217956Z,price_change,0.71,BUY,-261,0.72,0.7300
2026-01-08T02:19:30.383253Z,price_change,0.69,BUY,-5,0.72,0.7300
2026-01-08T02:19:30.404514Z,price_change,0.7,BUY,-12000,0.72,0.7300
2026-01-08T02:19:30.466394Z,price_change,0.72,BUY,5,0.72,0.7300
2026-01-08T02:19:31.853013Z,price_change,0.7,BUY,111910,0.72,0.7300
2026-01-08T02:19:31.856131Z,price_change,0.72,BUY,-5,0.72,0.7300
2026-01-08T02:19:31.949353Z,price_change,0.69,BUY,5,0.72,0.7300
2026-01-08T02:19:31.98078Z,price_change,0.7,BUY,-111910,0.72,0.7300
2026-01-08T02:19:32.080784Z,price_change,0.72,BUY,5,0.72,0.7300
2026-01-08T02:19:32.200624Z,price_change,0.69,BUY,-5,0.72,0.7300
2026-01-08T02:19:33.26838Z,price_change,0.7,BUY,111910,0.72,0.7300
2026-01-08T02:19:33.270585Z,price_change,0.72,BUY,-5,0.72,0.7300
2026-01-08T02:19:33.364244Z,price_change,0.69,BUY,5,0.72,0.7300
2026-01-08T02:19:34.817309Z,price_change,0.7600,SELL,1959,0.72,0.7300
2026-01-08T02:19:34.919976Z,price_change,0.7,BUY,12000,0.72,0.7300
2026-01-08T02:19:34.964044Z,price_change,0.7300,SELL,-33,0.72,0.7300
1767838774,last_trade_price,0.73,BUY,33,0.72,0.7300
2026-01-08T02:19:35.120595Z,price_change,0.7600,SELL,-8218,0.72,0.7300
2026-01-08T02:19:35.137489Z,price_change,0.7600,SELL,-8478,0.72,0.7300
2026-01-08T02:19:35.156414Z,price_change,0.7600,SELL,-1959,0.72,0.7300
2026-01-08T02:19:37.165585Z,price_change,0.71,BUY,75,0.72,0.7300
2026-01-08T02:19:37.661651Z,price_change,0.7400,SELL,5,0.72,0.7300
2026-01-08T02:19:37.661707Z,price_change,0.7600,SELL,-2008,0.72,0.7300
2026-01-08T02:19:37.662968Z,price_change,0.7600,SELL,-166797,0.72,0.7300
2026-01-08T02:19:37.664285Z,price_change,0.7400,SELL,1500,0.72,0.7300
2026-01-08T02:19:37.684267Z,price_change,0.7400,SELL,1960,0.72,0.7300
2026-01-08T02:19:37.700222Z,price_change,0.7600,SELL,-172065,0.72,0.7300
2026-01-08T02:19:37.700929Z,price_change,0.7600,SELL,-112,0.72,0.7300
2026-01-08T02:19:37.701584Z,price_change,0.7600,SELL,-1959,0.72,0.7300
2026-01-08T02:19:37.815731Z,price_change,0.7400,SELL,-244,0.72,0.7300
2026-01-08T02:19:37.829958Z,price_change,0.7600,SELL,-12000,0.72,0.7300
1767838781,last_trade_price,0.73,BUY,133,0.72,0.7300
2026-01-08T02:19:41.303465Z,price_change,0.7300,SELL,-133,0.72,0.7300
2026-01-08T02:19:41.409972Z,price_change,0.7500,SELL,1700,0.72,0.7300
2026-01-08T02:19:45.948784Z,price_change,0.7400,SELL,-117,0.72,0.7300
2026-01-08T02:19:46.096752Z,price_change,0.7500,SELL,-1700,0.72,0.7300
2026-01-08T02:19:47.262358Z,price_change,0.7400,SELL,75,0.72,0.7300
2026-01-08T02:19:47.477134Z,price_change,0.7400,SELL,-355,0.72,0.7300
2026-01-08T02:19:47.487571Z,price_change,0.7400,SELL,-102,0.72,0.7300
2026-01-08T02:19:50.536377Z,price_change,0.7,BUY,-111910,0.72,0.7300
2026-01-08T02:19:50.537778Z,price_change,0.7400,SELL,-1145,0.72,0.7300
2026-01-08T02:19:50.539029Z,price_change,0.7600,SELL,168768,0.72,0.7300
2026-01-08T02:19:50.554697Z,price_change,0.7,BUY,-12000,0.72,0.7300
2026-01-08T02:19:50.573864Z,price_change,0.7400,SELL,-1497,0.72,0.7300
2026-01-08T02:19:50.598281Z,price_change,0.7600,SELL,174098,0.72,0.7300
2026-01-08T02:19:50.647318Z,price_change,0.7500,SELL,-950,0.72,0.7300
2026-01-08T02:19:50.653365Z,price_change,0.7600,SELL,12000,0.72,0.7300
2026-01-08T02:19:50.678608Z,price_change,0.7500,SELL,941,0.72,0.7300
2026-01-08T02:19:50.699807Z,price_change,0.7400,SELL,-5,0.72,0.7300
2026-01-08T02:19:50.701281Z,price_change,0.69,BUY,-5,0.72,0.7300
2026-01-08T02:19:50.709319Z,price_change,0.7600,SELL,778,0.72,0.7300
2026-01-08T02:19:50.718666Z,price_change,0.72,BUY,5,0.72,0.7300
2026-01-08T02:19:50.889935Z,price_change,0.7400,SELL,-75,0.72,0.7300
2026-01-08T02:19:51.149758Z,price_change,0.71,BUY,-75,0.72,0.7300
2026-01-08T02:19:51.167896Z,price_change,0.7700,SELL,-778,0.72,0.7300
2026-01-08T02:19:52.878322Z,price_change,0.7300,SELL,-13,0.72,0.7300
1767838792,last_trade_price,0.73,BUY,13,0.72,0.7300
2026-01-08T02:19:57.257487Z,price_change,0.72,BUY,13,0.72,0.7300
2026-01-08T02:19:59.375057Z,price_change,0.7,BUY,111802,0.72,0.7300
2026-01-08T02:19:59.533237Z,price_change,0.72,BUY,-5,0.72,0.7300
2026-01-08T02:19:59.626233Z,price_change,0.69,BUY,5,0.72,0.7300
2026-01-08T02:20:00.702928Z,price_change,0.72,BUY,-13,0.72,0.7300
2026-01-08T02:20:00.821669Z,price_change,0.67,BUY,-600,0.72,0.7300
2026-01-08T02:20:01.480733Z,price_change,0.7600,SELL,-12000,0.72,0.7300
2026-01-08T02:20:01.480938Z,price_change,0.7600,SELL,-168768,0.72,0.7300
2026-01-08T02:20:01.482015Z,price_change,0.7400,SELL,3750,0.72,0.7300
2026-01-08T02:20:01.526345Z,price_change,0.7600,SELL,-174098,0.72,0.7300
2026-01-08T02:20:01.541126Z,price_change,0.7400,SELL,4900,0.72,0.7300
2026-01-08T02:20:01.652766Z,price_change,0.7400,SELL,5,0.72,0.7300
2026-01-08T02:20:06.108454Z,price_change,0.72,BUY,-2000,0.72,0.7300
2026-01-08T02:20:06.219019Z,price_change,0.7500,SELL,4950,0.72,0.7300
2026-01-08T02:20:07.539091Z,price_change,0.7400,SELL,75,0.72,0.7300
2026-01-08T02:20:07.672079Z,price_change,0.7500,SELL,-4950,0.72,0.7300
2026-01-08T02:20:11.573403Z,price_change,0.7400,SELL,-172,0.72,0.7300
2026-01-08T02:20:11.617931Z,price_change,0.7400,SELL,-100,0.72,0.7300
2026-01-08T02:20:11.684253Z,price_change,0.7500,SELL,4800,0.72,0.7300
2026-01-08T02:20:12.614916Z,price_change,0.7300,SELL,-25,0.72,0.7300
1767838812,last_trade_price,0.73,BUY,25,0.72,0.7300
2026-01-08T02:20:13.455796Z,price_change,0.7400,SELL,-172,0.72,0.7300
2026-01-08T02:20:17.690224Z,price_change,0.71,BUY,75,0.72,0.7300
2026-01-08T02:20:17.791667Z,price_change,0.7,BUY,12000,0.72,0.7300
2026-01-08T02:20:18.665976Z,price_change,0.7600,SELL,50,0.72,0.7300
2026-01-08T02:20:18.666723Z,price_change,0.7700,SELL,50,0.72,0.7300
2026-01-08T02:20:19.846163Z,price_change,0.7300,SELL,-33,0.72,0.7300
1767838819,last_trade_price,0.73,BUY,33,0.72,0.7300
2026-01-08T02:20:19.901129Z,price_change,0.7300,SELL,-15,0.72,0.7300
1767838819,last_trade_price,0.73,BUY,15,0.72,0.7300
2026-01-08T02:20:25.476971Z,price_change,0.7500,SELL,-4800,0.72,0.7300
2026-01-08T02:20:25.746953Z,price_change,0.7500,SELL,4750,0.72,0.7300
2026-01-08T02:20:27.88075Z,price_change,0.7500,SELL,100,0.72,0.7300
2026-01-08T02:20:27.881203Z,price_change,0.7,BUY,100,0.72,0.7300
2026-01-08T02:20:29.686044Z,price_change,0.7500,SELL,-616,0.72,0.7300
2026-01-08T02:20:29.706307Z,price_change,0.7500,SELL,-941,0.72,0.7300
2026-01-08T02:20:31.376051Z,price_change,0.7400,SELL,-105,0.72,0.7300
2026-01-08T02:20:31.521869Z,price_change,0.7500,SELL,-4750,0.72,0.7300
2026-01-08T02:20:33.559917Z,price_change,0.7300,SELL,-6,0.72,0.7300
1767838833,last_trade_price,0.73,BUY,6,0.72,0.7300
2026-01-08T02:20:33.83922Z,price_change,0.7500,SELL,4700,0.72,0.7300
2026-01-08T02:20:35.701575Z,price_change,0.7300,SELL,-6,0.72,0.7300
1767838835,last_trade_price,0.73,BUY,6,0.72,0.7300
2026-01-08T02:20:37.805141Z,price_change,0.7300,SELL,-36,0.72,0.7300
1767838837,last_trade_price,0.73,BUY,36,0.72,0.7300
2026-01-08T02:20:39.459484Z,price_change,0.7500,SELL,-4700,0.72,0.7300
2026-01-08T02:20:40.162671Z,price_change,0.7300,SELL,-85,0.72,0.7300
1767838840,last_trade_price,0.73,BUY,85,0.72,0.7300
2026-01-08T02:20:44.716661Z,price_change,0.7,BUY,-100,0.72,0.7300
2026-01-08T02:20:44.720441Z,price_change,0.71,BUY,-75,0.72,0.7300
2026-01-08T02:20:45.046152Z,price_change,0.7300,SELL,-13,0.72,0.7300
1767838845,last_trade_price,0.73,BUY,13,0.72,0.7300
2026-01-08T02:20:45.273076Z,price_change,0.71,BUY,75,0.72,0.7300
2026-01-08T02:20:46.562149Z,price_change,0.7400,SELL,18162,0.72,0.7300
2026-01-08T02:20:46.63411Z,price_change,0.7400,SELL,20641,0.72,0.7300
2026-01-08T02:20:46.843657Z,price_change,0.7500,SELL,12000,0.72,0.7300
2026-01-08T02:20:48.311025Z,price_change,0.7400,SELL,583,0.72,0.7300
2026-01-08T02:20:49.936197Z,price_change,0.7300,SELL,-33,0.72,0.7300
1767838849,last_trade_price,0.73,BUY,33,0.72,0.7300
2026-01-08T02:20:52.532881Z,price_change,0.7300,SELL,-4,0.72,0.7300
1767838852,last_trade_price,0.73,BUY,4,0.72,0.7300
2026-01-08T02:20:55.130622Z,price_change,0.7300,SELL,-33,0.72,0.7300
1767838855,last_trade_price,0.73,BUY,33,0.72,0.7300
2026-01-08T02:20:55.245288Z,price_change,0.7,BUY,100,0.72,0.7300
2026-01-08T02:20:55.567289Z,price_change,0.69,BUY,-1107,0.72,0.7300
2026-01-08T02:20:55.568209Z,price_change,0.7500,SELL,-3823,0.72,0.7300
2026-01-08T02:20:55.569012Z,price_change,0.68,BUY,-374,0.72,0.7300
2026-01-08T02:20:55.570449Z,price_change,0.7600,SELL,-1327,0.72,0.7300
2026-01-08T02:20:55.621811Z,price_change,0.7500,SELL,-5948,0.72,0.7300
2026-01-08T02:20:55.622848Z,price_change,0.7500,SELL,-2992,0.72,0.7300
2026-01-08T02:20:55.623756Z,price_change,0.7500,SELL,-1055,0.72,0.7300
2026-01-08T02:20:55.632181Z,price_change,0.67,BUY,533,0.72,0.7300
2026-01-08T02:20:55.633115Z,price_change,0.7700,SELL,598,0.72,0.7300
2026-01-08T02:20:55.634107Z,price_change,0.66,BUY,180,0.72,0.7300
2026-01-08T02:20:55.635335Z,price_change,0.7700,SELL,199,0.72,0.7300
2026-01-08T02:20:55.643912Z,price_change,0.7500,SELL,-1149,0.72,0.7300
2026-01-08T02:20:55.6597Z,price_change,0.7500,SELL,-940,0.72,0.7300
2026-01-08T02:20:55.661104Z,price_change,0.7500,SELL,-1328,0.72,0.7300
2026-01-08T02:20:55.662394Z,price_change,0.7500,SELL,-874,0.72,0.7300
2026-01-08T02:20:55.663647Z,price_change,0.7500,SELL,-5027,0.72,0.7300
2026-01-08T02:20:56.643192Z,price_change,0.7300,SELL,-50,0.72,0.7300
1767838856,last_trade_price,0.73,BUY,50,0.72,0.7300
2026-01-08T02:20:56.902203Z,price_change,0.67,BUY,-533,0.72,0.7300
2026-01-08T02:20:56.90307Z,price_change,0.66,BUY,-180,0.72,0.7300
2026-01-08T02:20:56.904114Z,price_change,0.7700,SELL,-199,0.72,0.7300
2026-01-08T02:20:56.966325Z,price_change,0.68,BUY,526,0.72,0.7300
2026-01-08T02:20:56.967257Z,price_change,0.67,BUY,177,0.72,0.7300
2026-01-08T02:20:56.968265Z,price_change,0.7800,SELL,208,0.72,0.7300
2026-01-08T02:20:58.69859Z,price_change,0.9900,SELL,4,0.72,0.7300
2026-01-08T02:20:59.06347Z,price_change,0.67,BUY,-177,0.72,0.7300
2026-01-08T02:20:59.120116Z,price_change,0.66,BUY,180,0.72,0.7300
2026-01-08T02:20:59.585262Z,price_change,0.68,BUY,-526,0.72,0.7300
2026-01-08T02:20:59.589003Z,price_change,0.7700,SELL,-598,0.72,0.7300
2026-01-08T02:20:59.594493Z,price_change,0.66,BUY,-180,0.72,0.7300
2026-01-08T02:20:59.595607Z,price_change,0.7800,SELL,-208,0.72,0.7300
2026-01-08T02:20:59.631881Z,price_change,0.7,BUY,1091,0.72,0.7300
2026-01-08T02:20:59.633133Z,price_change,0.7500,SELL,3735,0.72,0.7300
2026-01-08T02:20:59.634649Z,price_change,0.69,BUY,369,0.72,0.7300
2026-01-08T02:20:59.636261Z,price_change,0.7600,SELL,1296,0.72,0.7300
2026-01-08T02:21:02.681137Z,price_change,0.7400,SELL,24320,0.72,0.7300
2026-01-08T02:21:02.729186Z,price_change,0.7400,SELL,24495,0.72,0.7300
2026-01-08T02:21:16.14075Z,price_change,0.7300,SELL,25000,0.72,0.7300
2026-01-08T02:21:23.304828Z,price_change,0.7300,SELL,-100,0.72,0.7300
1767838883,last_trade_price,0.73,BUY,100,0.72,0.7300
2026-01-08T02:21:30.782563Z,price_change,0.7300,SELL,-2,0.72,0.7300
1767838890,last_trade_price,0.73,BUY,2,0.72,0.7300
2026-01-08T02:21:31.778197Z,price_change,0.53,BUY,100,0.72,0.7300
2026-01-08T02:21:34.238734Z,price_change,0.8000,SELL,50,0.72,0.7300
2026-01-08T02:21:38.455128Z,price_change,0.7400,SELL,-15965,0.72,0.7300
2026-01-08T02:21:39.025391Z,price_change,0.7400,SELL,15966,0.72,0.7300
2026-01-08T02:21:46.876952Z,price_change,0.7300,SELL,-95,0.72,0.7300
1767838906,last_trade_price,0.73,BUY,95,0.72,0.7300
2026-01-08T02:21:47.514019Z,price_change,0.7300,SELL,-5,0.72,0.7300
1767838907,last_trade_price,0.73,BUY,5,0.72,0.7300
2026-01-08T02:21:48.478801Z,price_change,0.7300,SELL,-13,0.72,0.7300
1767838908,last_trade_price,0.73,BUY,13,0.72,0.7300
2026-01-08T02:21:54.016573Z,price_change,0.7300,SELL,-6,0.72,0.7300
1767838914,last_trade_price,0.73,BUY,6,0.72,0.7300
2026-01-08T02:21:54.127943Z,price_change,0.7300,SELL,-13,0.72,0.7300
1767838914,last_trade_price,0.73,BUY,13,0.72,0.7300
2026-01-08T02:22:01.276559Z,price_change,0.7300,SELL,-3,0.72,0.7300
1767838921,last_trade_price,0.73,BUY,3,0.72,0.7300
2026-01-08T02:22:04.360335Z,price_change,0.7300,SELL,-66,0.72,0.7300
1767838924,last_trade_price,0.73,BUY,66,0.72,0.7300
2026-01-08T02:22:06.766601Z,price_change,0.7300,SELL,-12,0.72,0.7300
1767838926,last_trade_price,0.73,BUY,12,0.72,0.7300
2026-01-08T02:22:09.179989Z,price_change,0.71,BUY,104373,0.72,0.7300
2026-01-08T02:22:10.419892Z,price_change,0.7400,SELL,-130,0.72,0.7300
2026-01-08T02:22:13.154031Z,price_change,0.7300,SELL,-250,0.72,0.7300
1767838933,last_trade_price,0.73,BUY,250,0.72,0.7300
2026-01-08T02:22:14.668001Z,price_change,0.7300,SELL,-10,0.72,0.7300
1767838934,last_trade_price,0.73,BUY,10,0.72,0.7300
2026-01-08T02:22:19.024831Z,price_change,0.7500,SELL,-50000,0.72,0.7300
2026-01-08T02:22:19.024831Z,price_change,0.7400,SELL,50000,0.72,0.7300
2026-01-08T02:22:22.194504Z,price_change,0.71,BUY,-104373,0.72,0.7300
2026-01-08T02:22:22.196863Z,price_change,0.71,BUY,-1097,0.72,0.7300
2026-01-08T02:22:30.116619Z,price_change,0.71,BUY,173328,0.72,0.7300
2026-01-08T02:22:32.0958Z,price_change,0.7300,SELL,25000,0.72,0.7300
2026-01-08T02:22:34.962725Z,price_change,0.7300,SELL,-20,0.72,0.7300
1767838954,last_trade_price,0.73,BUY,20,0.72,0.7300
2026-01-08T02:22:37.546818Z,price_change,0.7300,SELL,-240,0.72,0.7300
1767838957,last_trade_price,0.73,BUY,240,0.72,0.7300
2026-01-08T02:22:42.679694Z,price_change,0.7300,SELL,-104,0.72,0.7300
1767838962,last_trade_price,0.73,BUY,104,0.72,0.7300
2026-01-08T02:22:51.251353Z,price_change,0.7300,SELL,-131,0.72,0.7300
1767838971,last_trade_price,0.73,BUY,131,0.72,0.7300
2026-01-08T02:22:52.054234Z,price_change,0.7300,SELL,-15,0.72,0.7300
1767838972,last_trade_price,0.73,BUY,15,0.72,0.7300
2026-01-08T02:22:59.399144Z,price_change,0.7300,SELL,-33,0.72,0.7300
1767838979,last_trade_price,0.73,BUY,33,0.72,0.7300
2026-01-08T02:23:00.678272Z,price_change,0.7300,SELL,-27,0.72,0.7300
1767838980,last_trade_price,0.73,BUY,27,0.72,0.7300
2026-01-08T02:23:08.915849Z,price_change,0.7300,SELL,-10,0.72,0.7300
1767838988,last_trade_price,0.73,BUY,10,0.72,0.7300
2026-01-08T02:23:09.483388Z,price_change,0.71,BUY,778,0.72,0.7300
2026-01-08T02:23:09.489685Z,price_change,0.72,BUY,-650,0.72,0.7300
2026-01-08T02:23:09.786578Z,price_change,0.7,BUY,-2875,0.72,0.7300
2026-01-08T02:23:17.000089Z,price_change,0.7,BUY,-12000,0.72,0.7300
2026-01-08T02:23:19.079624Z,price_change,0.72,BUY,-20,0.72,0.7300
1767838999,last_trade_price,0.28,SELL,20,0.72,0.7300
2026-01-08T02:23:21.43795Z,price_change,0.7300,SELL,-26,0.72,0.7300
1767839001,last_trade_price,0.73,BUY,26,0.72,0.7300
2026-01-08T02:23:22.174166Z,price_change,0.7300,SELL,-400,0.72,0.7300
1767839002,last_trade_price,0.73,BUY,400,0.72,0.7300
2026-01-08T02:23:23.294024Z,price_change,0.71,BUY,-11413,0.72,0.7300
2026-01-08T02:23:23.449339Z,price_change,0.7600,SELL,-2120,0.72,0.7300
2026-01-08T02:23:23.471943Z,price_change,0.7400,SELL,5997,0.72,0.7300
2026-01-08T02:23:23.509294Z,price_change,0.7400,SELL,6661,0.72,0.7300
2026-01-08T02:23:23.61847Z,price_change,0.72,BUY,-5792,0.72,0.7300
2026-01-08T02:23:23.61985Z,price_change,0.7300,SELL,5592,0.72,0.7300
2026-01-08T02:23:27.488796Z,price_change,0.72,BUY,-1109,0.72,0.7300
2026-01-08T02:23:30.759443Z,price_change,0.7300,SELL,-7466,0.72,0.7300
1767839010,last_trade_price,0.73,BUY,7466,0.72,0.7300
2026-01-08T02:23:31.22706Z,price_change,0.7400,SELL,-5130,0.72,0.7300
2026-01-08T02:23:31.251026Z,price_change,0.7400,SELL,-5586,0.72,0.7300
2026-01-08T02:23:34.615159Z,price_change,0.7400,SELL,5011,0.72,0.7300
2026-01-08T02:23:34.631898Z,price_change,0.7400,SELL,2516,0.72,0.7300
2026-01-08T02:23:35.834333Z,price_change,0.7400,SELL,2940,0.72,0.7300
2026-01-08T02:23:36.286142Z,price_change,0.71,BUY,2509,0.72,0.7300
2026-01-08T02:23:41.001372Z,price_change,0.7500,SELL,-12000,0.72,0.7300
2026-01-08T02:23:45.92766Z,price_change,0.7300,SELL,-13,0.72,0.7300
1767839025,last_trade_price,0.73,BUY,13,0.72,0.7300
2026-01-08T02:23:46.93718Z,price_change,0.7300,SELL,-40,0.72,0.7300
1767839026,last_trade_price,0.73,BUY,40,0.72,0.7300
2026-01-08T02:23:49.302333Z,price_change,0.7300,SELL,-33,0.72,0.7300
1767839029,last_trade_price,0.73,BUY,33,0.72,0.7300
2026-01-08T02:23:50.775564Z,price_change,0.7300,SELL,-1,0.72,0.7300
1767839030,last_trade_price,0.73,BUY,1,0.72,0.7300
2026-01-08T02:23:59.476452Z,price_change,0.7300,SELL,-85,0.72,0.7300
1767839039,last_trade_price,0.73,BUY,85,0.72,0.7300
2026-01-08T02:24:01.120028Z,price_change,0.7500,SELL,-1281,0.72,0.7300
2026-01-08T02:24:09.213656Z,price_change,0.71,BUY,2848,0.72,0.7300
2026-01-08T02:24:09.27498Z,price_change,0.7300,SELL,-66,0.72,0.7300
1767839049,last_trade_price,0.73,BUY,66,0.72,0.7300
2026-01-08T02:24:10.332664Z,price_change,0.7300,SELL,-67,0.72,0.7300
1767839050,last_trade_price,0.73,BUY,67,0.72,0.7300
2026-01-08T02:24:10.683311Z,price_change,0.7300,SELL,-556,0.72,0.7300
2026-01-08T02:24:10.683311Z,price_change,0.7300,SELL,-60,0.72,0.7300
2026-01-08T02:24:10.683311Z,price_change,0.7300,SELL,-21,0.72,0.7300
1767839050,last_trade_price,0.73,BUY,556,0.72,0.7300
1767839050,last_trade_price,0.73,BUY,60,0.72,0.7300
1767839050,last_trade_price,0.73,BUY,21,0.72,0.7300
2026-01-08T02:24:10.719385Z,price_change,0.72,BUY,33,0.72,0.7300
2026-01-08T02:24:11.468629Z,price_change,0.7300,SELL,-13,0.72,0.7300
1767839051,last_trade_price,0.73,BUY,13,0.72,0.7300
2026-01-08T02:24:13.389846Z,price_change,0.7300,SELL,-15,0.72,0.7300
1767839053,last_trade_price,0.73,BUY,15,0.72,0.7300
2026-01-08T02:24:15.44061Z,price_change,0.7400,SELL,559,0.72,0.7300
2026-01-08T02:24:16.29384Z,price_change,0.7300,SELL,-4,0.72,0.7300
1767839056,last_trade_price,0.73,BUY,4,0.72,0.7300
2026-01-08T02:24:21.213665Z,price_change,0.7300,SELL,-47,0.72,0.7300
2026-01-08T02:24:21.213665Z,price_change,0.7300,SELL,-90,0.72,0.7300
2026-01-08T02:24:21.213665Z,price_change,0.7300,SELL,-25000,0.72,0.7300
2026-01-08T02:24:21.213665Z,price_change,0.7300,SELL,-24863,0.72,0.7300
1767839061,last_trade_price,0.73,BUY,47,0.72,0.7300
1767839061,last_trade_price,0.73,BUY,90,0.72,0.7300
1767839061,last_trade_price,0.73,BUY,25000,0.72,0.7300
1767839061,last_trade_price,0.73,BUY,24863,0.72,0.7300
2026-01-08T02:24:31.357435Z,price_change,0.7300,SELL,-26,0.72,0.7300
1767839071,last_trade_price,0.73,BUY,26,0.72,0.7300
2026-01-08T02:24:32.591462Z,price_change,0.7300,SELL,-6,0.72,0.7300
1767839072,last_trade_price,0.73,BUY,6,0.72,0.7300
2026-01-08T02:24:33.85314Z,price_change,0.7300,SELL,-105,0.72,0.7300
2026-01-08T02:24:33.85314Z,price_change,0.7300,SELL,-1,0.72,0.7300
1767839073,last_trade_price,0.73,BUY,105,0.72,0.7300
1767839073,last_trade_price,0.73,BUY,1,0.72,0.7300
2026-01-08T02:24:44.824844Z,price_change,0.7300,SELL,-96,0.72,0.7300
1767839084,last_trade_price,0.73,BUY,96,0.72,0.7300
2026-01-08T02:24:45.04486Z,price_change,0.7400,SELL,-5011,0.72,0.7300
2026-01-08T02:24:45.046043Z,price_change,0.7400,SELL,-661,0.72,0.7300
2026-01-08T02:24:45.064439Z,price_change,0.7400,SELL,-721,0.72,0.7300
2026-01-08T02:24:45.083537Z,price_change,0.7400,SELL,-559,0.72,0.7300
2026-01-08T02:24:45.084663Z,price_change,0.7400,SELL,-2940,0.72,0.7300
2026-01-08T02:24:45.085528Z,price_change,0.7400,SELL,-2516,0.72,0.7300
2026-01-08T02:24:46.633681Z,price_change,0.7300,SELL,-5495,0.72,0.7400
2026-01-08T02:25:00.279892Z,price_change,0.7700,SELL,300,0.72,0.7400
2026-01-08T02:25:00.28234Z,price_change,0.71,BUY,125,0.72,0.7400
2026-01-08T02:25:01.303948Z,price_change,0.7400,SELL,-228,0.72,0.7400
2026-01-08T02:25:02.611297Z,price_change,0.7400,SELL,-2,0.72,0.7400
1767839102,last_trade_price,0.74,BUY,2,0.72,0.7400
2026-01-08T02:25:03.859536Z,price_change,0.7400,SELL,-206,0.72,0.7400
2026-01-08T02:25:03.86059Z,price_change,0.7400,SELL,-4820,0.72,0.7400
2026-01-08T02:25:03.87421Z,price_change,0.7400,SELL,-2465,0.72,0.7400
2026-01-08T02:25:03.890766Z,price_change,0.7400,SELL,-126,0.72,0.7400
2026-01-08T02:25:05.638799Z,price_change,0.7500,SELL,-14678,0.72,0.7400
2026-01-08T02:25:05.658231Z,price_change,0.7500,SELL,-14700,0.72,0.7400
2026-01-08T02:25:06.948019Z,price_change,0.7500,SELL,980,0.72,0.7400
2026-01-08T02:25:10.750987Z,price_change,0.7400,SELL,-980,0.72,0.7400
2026-01-08T02:25:14.001646Z,price_change,0.69,BUY,-11,0.72,0.7400
2026-01-08T02:25:14.001646Z,price_change,0.7600,SELL,-3,0.72,0.7400
2026-01-08T02:25:15.327196Z,price_change,0.7,BUY,-253,0.72,0.7400
2026-01-08T02:25:16.414237Z,price_change,0.7,BUY,253,0.72,0.7400
2026-01-08T02:25:16.66033Z,price_change,0.7400,SELL,-4,0.72,0.7400
1767839116,last_trade_price,0.74,BUY,4,0.72,0.7400
2026-01-08T02:25:17.49872Z,price_change,0.7400,SELL,-33,0.72,0.7400
1767839117,last_trade_price,0.74,BUY,33,0.72,0.7400
