timestamp,event_type,price,side,size,best_bid,best_ask
,book,0.4200,BUY,8300,0.4200,0.43
,book,0.43,SELL,381255,0.4200,0.43
2026-01-03T20:14:19.91432Z,price_change,0.43000000000000005,SELL,491,0.42,0.43
2026-01-03T20:14:20.015093Z,price_change,0.41,BUY,-246,0.42,0.43
2026-01-03T20:15:55.10865Z,price_change,0.44999999999999996,SELL,-460,0.42,0.43
2026-01-03T20:15:55.287793Z,price_change,0.44999999999999996,SELL,460,0.42,0.43
2026-01-03T20:16:35.431721Z,price_change,0.43999999999999995,SELL,-5,0.42,0.43
2026-01-03T20:16:48.485743Z,price_change,0.43999999999999995,SELL,5,0.42,0.43
2026-01-03T20:17:01.527238Z,price_change,0.43999999999999995,SELL,-5,0.42,0.43
2026-01-03T20:17:02.462524Z,price_change,0.43000000000000005,SELL,25,0.42,0.43
2026-01-03T20:17:02.520962Z,price_change,0.41,BUY,-12,0.42,0.43
2026-01-03T20:17:02.589096Z,price_change,0.39,BUY,500,0.42,0.43
2026-01-03T20:17:20.054773Z,price_change,0.43000000000000005,SELL,-1,0.42,0.43
,book,0.4200,BUY,8300,0.4200,0.43
,book,0.43,SELL,381770,0.4200,0.43
2026-01-03T20:17:36.000046Z,price_change,0.39,BUY,-500,0.42,0.43
2026-01-03T20:17:38.928285Z,price_change,0.43999999999999995,SELL,-143,0.42,0.43
2026-01-03T20:17:39.019525Z,price_change,0.43999999999999995,SELL,-29,0.42,0.43
2026-01-03T20:17:49.590115Z,price_change,0.43999999999999995,SELL,5,0.42,0.43
2026-01-03T20:17:59.214888Z,price_change,0.43000000000000005,SELL,-25,0.42,0.43
2026-01-03T20:17:59.278487Z,price_change,0.43000000000000005,SELL,-25,0.42,0.43
2026-01-03T20:17:59.335689Z,price_change,0.41,BUY,25,0.42,0.43
2026-01-03T20:18:01.697465Z,price_change,0.39,BUY,500,0.42,0.43
2026-01-03T20:18:06.135352Z,price_change,0.43999999999999995,SELL,-5,0.42,0.43
2026-01-03T20:18:15.224099Z,price_change,0.43999999999999995,SELL,5,0.42,0.43
2026-01-03T20:18:32.31294Z,price_change,0.43999999999999995,SELL,-5,0.42,0.43
2026-01-03T20:18:41.39387Z,price_change,0.43999999999999995,SELL,5,0.42,0.43
2026-01-03T20:18:49.071003Z,price_change,0.43000000000000005,SELL,-22,0.42,0.43
2026-01-03T20:18:58.292477Z,price_change,0.43999999999999995,SELL,-5,0.42,0.43
2026-01-03T20:18:59.560271Z,price_change,0.43000000000000005,SELL,-10,0.42,0.43
2026-01-03T20:18:59.704446Z,price_change,0.43000000000000005,SELL,10,0.42,0.43
2026-01-03T20:19:01.09263Z,price_change,0.43000000000000005,SELL,-21,0.42,0.43
2026-01-03T20:19:06.336212Z,price_change,0.43000000000000005,SELL,-2,0.42,0.43
2026-01-03T20:19:07.206055Z,price_change,0.43999999999999995,SELL,5,0.42,0.43
2026-01-03T20:19:09.274018Z,price_change,0.44999999999999996,SELL,-178,0.42,0.43
2026-01-03T20:19:16.145516Z,price_change,0.75,SELL,-604,0.42,0.43
2026-01-03T20:19:16.202016Z,price_change,0.19,BUY,-634,0.42,0.43
2026-01-03T20:19:16.378291Z,price_change,0.19,BUY,637,0.42,0.43
2026-01-03T20:19:16.43853Z,price_change,0.75,SELL,600,0.42,0.43
2026-01-03T20:19:24.55702Z,price_change,0.43999999999999995,SELL,-5,0.42,0.43
2026-01-03T20:19:26.041912Z,price_change,0.41,BUY,-6,0.42,0.43
2026-01-03T20:19:26.043296Z,price_change,0.4,BUY,-1000,0.42,0.43
2026-01-03T20:19:26.044555Z,price_change,0.43000000000000005,SELL,-542,0.42,0.43
2026-01-03T20:19:26.081506Z,price_change,0.42,BUY,449,0.42,0.43
2026-01-03T20:19:26.082987Z,price_change,0.41,BUY,7,0.42,0.43
2026-01-03T20:19:26.084509Z,price_change,0.43000000000000005,SELL,92,0.42,0.43
2026-01-03T20:19:26.086236Z,price_change,0.43999999999999995,SELL,1000,0.42,0.43
2026-01-03T20:19:27.2724Z,price_change,0.43000000000000005,SELL,-2,0.42,0.43
2026-01-03T20:19:32.200367Z,price_change,0.43999999999999995,SELL,-196,0.42,0.43
2026-01-03T20:19:37.166911Z,price_change,0.43999999999999995,SELL,5,0.42,0.43
2026-01-03T20:19:58.413444Z,price_change,0.43999999999999995,SELL,-5,0.42,0.43
2026-01-03T20:20:02.001179Z,price_change,0.39,BUY,-500,0.42,0.43
2026-01-03T20:20:08.278884Z,price_change,0.42,BUY,-449,0.42,0.43
2026-01-03T20:20:08.27992Z,price_change,0.43000000000000005,SELL,-450,0.42,0.43
2026-01-03T20:20:08.306854Z,price_change,0.42,BUY,441,0.42,0.43
2026-01-03T20:20:08.30816Z,price_change,0.43000000000000005,SELL,458,0.42,0.43
2026-01-03T20:20:11.384151Z,price_change,0.43999999999999995,SELL,5,0.42,0.43
2026-01-03T20:20:25.402538Z,price_change,0.43999999999999995,SELL,-5,0.42,0.43
2026-01-03T20:20:37.763392Z,price_change,0.43999999999999995,SELL,5,0.42,0.43
,book,0.4200,BUY,8791,0.4200,0.43
,book,0.43,SELL,381231,0.4200,0.43
2026-01-03T20:21:41.616375Z,price_change,0.42,BUY,-441,0.42,0.43
2026-01-03T20:21:41.618376Z,price_change,0.43000000000000005,SELL,-8,0.42,0.43
2026-01-03T20:21:41.704619Z,price_change,0.42,BUY,383,0.42,0.43
2026-01-03T20:21:41.706181Z,price_change,0.43000000000000005,SELL,66,0.42,0.43
2026-01-03T20:21:54.635226Z,price_change,0.43000000000000005,SELL,-11,0.42,0.43
2026-01-03T20:22:05.250333Z,price_change,0.43999999999999995,SELL,-5,0.42,0.43
2026-01-03T20:22:14.973071Z,price_change,0.43000000000000005,SELL,-20,0.42,0.43
2026-01-03T20:22:19.112423Z,price_change,0.43999999999999995,SELL,5,0.42,0.43
2026-01-03T20:22:23.88544Z,price_change,0.43000000000000005,SELL,-22,0.42,0.43
2026-01-03T20:22:32.403449Z,price_change,0.43999999999999995,SELL,-5,0.42,0.43
2026-01-03T20:22:44.286326Z,price_change,0.43999999999999995,SELL,5,0.42,0.43
2026-01-03T20:22:54.868029Z,price_change,0.42,BUY,-383,0.42,0.43
2026-01-03T20:22:54.872132Z,price_change,0.43000000000000005,SELL,-92,0.42,0.43
2026-01-03T20:22:54.956188Z,price_change,0.42,BUY,158,0.42,0.43
2026-01-03T20:22:54.957621Z,price_change,0.43000000000000005,SELL,317,0.42,0.43
2026-01-03T20:23:01.003909Z,price_change,0.39,BUY,-500,0.42,0.43
2026-01-03T20:23:15.824928Z,price_change,0.43000000000000005,SELL,-4,0.42,0.43
2026-01-03T20:23:25.847402Z,price_change,0.39,BUY,500,0.42,0.43
2026-01-03T20:23:29.463344Z,price_change,0.43000000000000005,SELL,-67,0.42,0.43
2026-01-03T20:23:39.215444Z,price_change,0.39,BUY,500,0.42,0.43
2026-01-03T20:23:49.460643Z,price_change,0.43999999999999995,SELL,-5,0.42,0.43
2026-01-03T20:24:00.6638Z,price_change,0.43000000000000005,SELL,-10,0.42,0.43
2026-01-03T20:24:00.792742Z,price_change,0.43000000000000005,SELL,10,0.42,0.43
2026-01-03T20:24:02.529078Z,price_change,0.43999999999999995,SELL,5,0.42,0.43
2026-01-03T20:24:15.14468Z,price_change,0.43999999999999995,SELL,-5,0.42,0.43
2026-01-03T20:24:19.398263Z,price_change,0.43999999999999995,SELL,5,0.42,0.43
2026-01-03T20:24:30.6098Z,price_change,0.43000000000000005,SELL,-43,0.42,0.43
2026-01-03T20:24:40.498245Z,price_change,0.42,BUY,-158,0.42,0.43
2026-01-03T20:24:40.499745Z,price_change,0.43000000000000005,SELL,-458,0.42,0.43
2026-01-03T20:24:40.5615Z,price_change,0.42,BUY,142,0.42,0.43
2026-01-03T20:24:40.562387Z,price_change,0.43000000000000005,SELL,474,0.42,0.43
2026-01-03T20:24:45.490121Z,price_change,0.43999999999999995,SELL,-5,0.42,0.43
2026-01-03T20:24:53.629289Z,price_change,0.43999999999999995,SELL,5,0.42,0.43
2026-01-03T20:24:59.441348Z,price_change,0.43000000000000005,SELL,-15,0.42,0.43
2026-01-03T20:25:06.199825Z,price_change,0.43999999999999995,SELL,-5,0.42,0.43
2026-01-03T20:25:09.933568Z,price_change,0.42,BUY,-142,0.42,0.43
2026-01-03T20:25:09.934524Z,price_change,0.43000000000000005,SELL,-66,0.42,0.43
2026-01-03T20:25:09.994045Z,price_change,0.42,BUY,133,0.42,0.43
2026-01-03T20:25:09.994959Z,price_change,0.43000000000000005,SELL,75,0.42,0.43
2026-01-03T20:25:19.610454Z,price_change,0.43999999999999995,SELL,5,0.42,0.43
2026-01-03T20:26:02.86892Z,price_change,0.42,BUY,-133,0.42,0.43
2026-01-03T20:26:02.869881Z,price_change,0.43000000000000005,SELL,-317,0.42,0.43
2026-01-03T20:26:02.898755Z,price_change,0.42,BUY,95,0.42,0.43
2026-01-03T20:26:02.899571Z,price_change,0.43000000000000005,SELL,355,0.42,0.43
2026-01-03T20:26:04.49444Z,price_change,0.43999999999999995,SELL,-5,0.42,0.43
2026-01-03T20:26:12.558118Z,price_change,0.43999999999999995,SELL,5,0.42,0.43
2026-01-03T20:26:17.433773Z,price_change,0.42,BUY,-95,0.42,0.43
2026-01-03T20:26:17.434876Z,price_change,0.43000000000000005,SELL,-474,0.42,0.43
2026-01-03T20:26:17.540757Z,price_change,0.42,BUY,93,0.42,0.43
2026-01-03T20:26:17.544838Z,price_change,0.43000000000000005,SELL,476,0.42,0.43
2026-01-03T20:26:38.003039Z,price_change,0.39,BUY,-500,0.42,0.43
2026-01-03T20:26:38.538381Z,price_change,0.42,BUY,-93,0.42,0.43
2026-01-03T20:26:38.539274Z,price_change,0.43000000000000005,SELL,-75,0.42,0.43
2026-01-03T20:26:38.557476Z,price_change,0.42,BUY,91,0.42,0.43
2026-01-03T20:26:38.558512Z,price_change,0.43000000000000005,SELL,77,0.42,0.43
2026-01-03T20:27:12.70954Z,price_change,0.43000000000000005,SELL,239,0.42,0.43
2026-01-03T20:27:14.516944Z,price_change,0.41,BUY,-25,0.42,0.43
2026-01-03T20:27:14.616446Z,price_change,0.41,BUY,-95,0.42,0.43
2026-01-03T20:27:16.474666Z,price_change,0.43999999999999995,SELL,-166,0.42,0.43
2026-01-03T20:27:16.594148Z,price_change,0.43999999999999995,SELL,-641,0.42,0.43
2026-01-03T20:27:18.118246Z,price_change,0.42,BUY,-91,0.42,0.43
2026-01-03T20:27:18.119165Z,price_change,0.43000000000000005,SELL,-355,0.42,0.43
2026-01-03T20:27:18.154465Z,price_change,0.43000000000000005,SELL,446,0.42,0.43
2026-01-03T20:27:21.362167Z,price_change,0.43999999999999995,SELL,-5,0.42,0.43
2026-01-03T20:27:29.314696Z,price_change,0.43999999999999995,SELL,5,0.42,0.43
2026-01-03T20:27:43.381366Z,price_change,0.43999999999999995,SELL,-5,0.42,0.43
2026-01-03T20:27:56.413465Z,price_change,0.43999999999999995,SELL,5,0.42,0.43
2026-01-03T20:28:03.133232Z,price_change,0.43000000000000005,SELL,16,0.42,0.43
2026-01-03T20:28:03.189623Z,price_change,0.41,BUY,-8,0.42,0.43
2026-01-03T20:28:05.67623Z,price_change,0.43000000000000005,SELL,-10,0.42,0.43
2026-01-03T20:28:19.56844Z,price_change,0.43000000000000005,SELL,-11,0.42,0.43
2026-01-03T20:28:21.444679Z,price_change,0.43000000000000005,SELL,8,0.42,0.43
2026-01-03T20:28:21.498997Z,price_change,0.41,BUY,-4,0.42,0.43
2026-01-03T20:28:25.004043Z,price_change,0.39,BUY,-500,0.42,0.43
2026-01-03T20:28:42.642377Z,price_change,0.43000000000000005,SELL,18,0.42,0.43
2026-01-03T20:28:42.700875Z,price_change,0.41,BUY,-9,0.42,0.43
2026-01-03T20:28:49.998297Z,price_change,0.39,BUY,500,0.42,0.43
2026-01-03T20:28:58.978332Z,price_change,0.43999999999999995,SELL,196,0.42,0.43
2026-01-03T20:29:00.327621Z,price_change,0.43999999999999995,SELL,-5,0.42,0.43
2026-01-03T20:29:11.536406Z,price_change,0.39,BUY,500,0.42,0.43
,book,0.4200,BUY,8350,0.4200,0.43
,book,0.43,SELL,381750,0.4200,0.43
2026-01-03T20:29:24.560412Z,price_change,0.44999999999999996,SELL,201,0.42,0.43
2026-01-03T20:29:26.252126Z,price_change,0.43999999999999995,SELL,-5,0.42,0.43
2026-01-03T20:29:39.476158Z,price_change,0.43999999999999995,SELL,5,0.42,0.43
2026-01-03T20:29:52.377453Z,price_change,0.43999999999999995,SELL,-5,0.42,0.43
2026-01-03T20:30:05.272803Z,price_change,0.43999999999999995,SELL,5,0.42,0.43
,book,0.4200,BUY,8350,0.4200,0.43
,book,0.43,SELL,381750,0.4200,0.43
2026-01-03T20:30:18.098209Z,price_change,0.43999999999999995,SELL,-5,0.42,0.43
2026-01-03T20:30:26.993422Z,price_change,0.43000000000000005,SELL,-55,0.42,0.43
2026-01-03T20:30:31.205424Z,price_change,0.43999999999999995,SELL,5,0.42,0.43
2026-01-03T20:30:48.574748Z,price_change,0.43999999999999995,SELL,-5,0.42,0.43
2026-01-03T20:30:53.402033Z,price_change,0.39,BUY,600,0.42,0.43
2026-01-03T20:30:56.466499Z,price_change,0.43999999999999995,SELL,5,0.42,0.43
2026-01-03T20:31:14.243742Z,price_change,0.43999999999999995,SELL,-5,0.42,0.43
,book,0.4200,BUY,8350,0.4200,0.43
,book,0.43,SELL,381625,0.4200,0.43
2026-01-03T20:41:25.883065Z,price_change,0.43000000000000005,SELL,16,0.42,0.43
2026-01-03T20:41:25.943047Z,price_change,0.41,BUY,-8,0.42,0.43
2026-01-03T20:41:54.320484Z,price_change,0.43999999999999995,SELL,5,0.42,0.43
2026-01-03T20:41:56.955683Z,price_change,0.43000000000000005,SELL,8,0.42,0.43
2026-01-03T20:41:57.016743Z,price_change,0.41,BUY,-4,0.42,0.43
2026-01-03T20:42:00.589352Z,price_change,0.43000000000000005,SELL,8,0.42,0.43
2026-01-03T20:42:00.644643Z,price_change,0.41,BUY,-4,0.42,0.43
2026-01-03T20:42:08.263724Z,price_change,0.43999999999999995,SELL,-5,0.42,0.43
2026-01-03T20:42:54.456991Z,price_change,0.44999999999999996,SELL,225,0.42,0.43
2026-01-03T20:42:56.214971Z,price_change,0.43000000000000005,SELL,81,0.42,0.43
2026-01-03T20:42:56.270768Z,price_change,0.41,BUY,-40,0.42,0.43
2026-01-03T20:43:18.000992Z,price_change,0.39,BUY,-500,0.42,0.43
2026-01-03T20:43:24.707809Z,price_change,0.43000000000000005,SELL,40,0.42,0.43
2026-01-03T20:43:24.808883Z,price_change,0.41,BUY,-20,0.42,0.43
2026-01-03T20:43:28.818019Z,price_change,0.44999999999999996,SELL,26,0.42,0.43
2026-01-03T20:43:29.307065Z,price_change,0.44999999999999996,SELL,-26,0.42,0.43
2026-01-03T20:43:29.571488Z,price_change,0.44999999999999996,SELL,26,0.42,0.43
,book,0.4200,BUY,8350,0.4200,0.43
,book,0.43,SELL,381778,0.4200,0.43
2026-01-03T20:44:20.802474Z,price_change,0.43000000000000005,SELL,-333,0.42,0.43
2026-01-03T20:44:34.027529Z,price_change,0.43000000000000005,SELL,16,0.42,0.43
2026-01-03T20:44:34.082022Z,price_change,0.41,BUY,-8,0.42,0.43
2026-01-03T20:44:35.166688Z,price_change,0.43000000000000005,SELL,-10,0.42,0.43
2026-01-03T20:44:35.314111Z,price_change,0.43000000000000005,SELL,10,0.42,0.43
2026-01-03T20:44:37.001141Z,price_change,0.39,BUY,-500,0.42,0.43
2026-01-03T20:44:49.670806Z,price_change,0.43000000000000005,SELL,409,0.42,0.43
2026-01-03T20:44:51.410125Z,price_change,0.41,BUY,-52,0.42,0.43
2026-01-03T20:44:51.469595Z,price_change,0.41,BUY,-153,0.42,0.43
2026-01-03T20:44:54.167964Z,price_change,0.43000000000000005,SELL,16,0.42,0.43
2026-01-03T20:44:54.223123Z,price_change,0.41,BUY,-8,0.42,0.43
2026-01-03T20:45:04.42348Z,price_change,0.39,BUY,500,0.42,0.43
,book,0.4200,BUY,8350,0.4200,0.43
,book,0.43,SELL,360942,0.4200,0.43
2026-01-03T20:48:52.508633Z,price_change,0.39,BUY,30,0.42,0.43
2026-01-03T20:48:52.509667Z,price_change,0.45999999999999996,SELL,30,0.42,0.43
2026-01-03T20:48:52.530909Z,price_change,0.39,BUY,30,0.42,0.43
2026-01-03T20:48:52.532029Z,price_change,0.45999999999999996,SELL,30,0.42,0.43
2026-01-03T20:48:52.535406Z,price_change,0.39,BUY,30,0.42,0.43
2026-01-03T20:48:52.537378Z,price_change,0.45999999999999996,SELL,30,0.42,0.43
2026-01-03T20:48:57.082923Z,price_change,0.43999999999999995,SELL,-5,0.42,0.43
2026-01-03T20:48:59.000442Z,price_change,0.39,BUY,-500,0.42,0.43
2026-01-03T20:49:01.574875Z,price_change,0.43000000000000005,SELL,-108,0.42,0.43
2026-01-03T20:49:19.478974Z,price_change,0.43999999999999995,SELL,-28,0.42,0.43
2026-01-03T20:49:49.402124Z,price_change,0.43999999999999995,SELL,5,0.42,0.43
2026-01-03T20:49:50.116136Z,price_change,0.43000000000000005,SELL,1475,0.42,0.43
2026-01-03T20:49:50.57226Z,price_change,0.43000000000000005,SELL,-10,0.42,0.43
2026-01-03T20:49:50.732884Z,price_change,0.43000000000000005,SELL,10,0.42,0.43
2026-01-03T20:49:51.639632Z,price_change,0.41,BUY,-8,0.42,0.43
2026-01-03T20:49:51.693261Z,price_change,0.41,BUY,-1,0.42,0.43
2026-01-03T20:49:51.746999Z,price_change,0.41,BUY,-728,0.42,0.43
2026-01-03T20:49:52.508853Z,price_change,0.43000000000000005,SELL,200,0.42,0.43
2026-01-03T20:49:52.56545Z,price_change,0.41,BUY,-100,0.42,0.43
2026-01-03T20:50:01.037601Z,price_change,0.43000000000000005,SELL,100,0.42,0.43
2026-01-03T20:50:01.093802Z,price_change,0.41,BUY,-50,0.42,0.43
2026-01-03T20:50:04.00003Z,price_change,0.39,BUY,-500,0.42,0.43
2026-01-03T20:50:19.682945Z,price_change,0.43000000000000005,SELL,8,0.42,0.43
2026-01-03T20:50:19.739697Z,price_change,0.41,BUY,-4,0.42,0.43
2026-01-03T20:50:27.315478Z,price_change,0.39,BUY,500,0.42,0.43
2026-01-03T20:50:30.341324Z,price_change,0.43000000000000005,SELL,9,0.42,0.43
2026-01-03T20:50:30.397546Z,price_change,0.41,BUY,-5,0.42,0.43
2026-01-03T20:50:32.686238Z,price_change,0.43000000000000005,SELL,163,0.42,0.43
2026-01-03T20:50:32.744024Z,price_change,0.41,BUY,-19,0.42,0.43
2026-01-03T20:50:32.799138Z,price_change,0.41,BUY,-41,0.42,0.43
2026-01-03T20:50:32.855864Z,price_change,0.41,BUY,-20,0.42,0.43
2026-01-03T20:50:32.909007Z,price_change,0.41,BUY,-1,0.42,0.43
2026-01-03T20:50:39.588944Z,price_change,0.43000000000000005,SELL,103,0.42,0.43
2026-01-03T20:50:39.640276Z,price_change,0.41,BUY,-2,0.42,0.43
2026-01-03T20:50:39.691557Z,price_change,0.41,BUY,-2,0.42,0.43
2026-01-03T20:50:39.745617Z,price_change,0.41,BUY,-47,0.42,0.43
2026-01-03T20:50:39.799236Z,price_change,0.41,BUY,-1,0.42,0.43
2026-01-03T20:50:54.80818Z,price_change,0.43999999999999995,SELL,-5,0.42,0.43
2026-01-03T20:51:01.154525Z,price_change,0.43000000000000005,SELL,1,0.42,0.43
2026-01-03T20:51:09.72028Z,price_change,0.43000000000000005,SELL,-10,0.42,0.43
2026-01-03T20:51:29.90247Z,price_change,0.43000000000000005,SELL,8,0.42,0.43
2026-01-03T20:51:29.957446Z,price_change,0.41,BUY,-4,0.42,0.43
2026-01-03T20:51:31.822596Z,price_change,0.43999999999999995,SELL,5,0.42,0.43
2026-01-03T20:51:41.012796Z,price_change,0.43000000000000005,SELL,16,0.42,0.43
2026-01-03T20:51:41.068013Z,price_change,0.41,BUY,-8,0.42,0.43
2026-01-03T20:51:43.320021Z,price_change,0.39,BUY,500,0.42,0.43
2026-01-03T20:51:54.450029Z,price_change,0.43000000000000005,SELL,151,0.42,0.43
2026-01-03T20:51:56.230009Z,price_change,0.41,BUY,-11,0.42,0.43
2026-01-03T20:51:56.28449Z,price_change,0.41,BUY,-4,0.42,0.43
2026-01-03T20:51:56.33619Z,price_change,0.41,BUY,-5,0.42,0.43
2026-01-03T20:51:56.392418Z,price_change,0.41,BUY,-2,0.42,0.43
2026-01-03T20:51:56.446527Z,price_change,0.41,BUY,-41,0.42,0.43
2026-01-03T20:51:56.502543Z,price_change,0.41,BUY,-4,0.42,0.43
2026-01-03T20:51:56.556846Z,price_change,0.41,BUY,-2,0.42,0.43
2026-01-03T20:51:56.609573Z,price_change,0.41,BUY,-1,0.42,0.43
2026-01-03T20:51:56.661656Z,price_change,0.41,BUY,-6,0.42,0.43
2026-01-03T20:52:00.980787Z,price_change,0.43000000000000005,SELL,494,0.42,0.43
2026-01-03T20:52:01.036688Z,price_change,0.41,BUY,-247,0.42,0.43
2026-01-03T20:52:20.05313Z,price_change,0.43000000000000005,SELL,-6,0.42,0.43
2026-01-03T20:52:22.804661Z,price_change,0.43000000000000005,SELL,-25,0.42,0.43
2026-01-03T20:52:39.546209Z,price_change,0.43000000000000005,SELL,-43,0.42,0.43
2026-01-03T20:52:40.814178Z,price_change,0.43000000000000005,SELL,-32,0.42,0.43
2026-01-03T20:52:47.384105Z,price_change,0.43000000000000005,SELL,41,0.42,0.43
2026-01-03T20:52:47.439288Z,price_change,0.41,BUY,-20,0.42,0.43
2026-01-03T20:52:49.603897Z,price_change,0.43000000000000005,SELL,16,0.42,0.43
2026-01-03T20:52:49.662605Z,price_change,0.41,BUY,-8,0.42,0.43
2026-01-03T20:52:56.870287Z,price_change,0.43000000000000005,SELL,301,0.42,0.43
2026-01-03T20:52:56.969443Z,price_change,0.41,BUY,-151,0.42,0.43
2026-01-03T20:53:01.613378Z,price_change,0.43000000000000005,SELL,245,0.42,0.43
2026-01-03T20:53:01.711747Z,price_change,0.41,BUY,-122,0.42,0.43
,book,0.4200,BUY,87392,0.4200,0.43
,book,0.43,SELL,39234,0.4200,0.43
2026-01-03T23:16:03.307782Z,price_change,0.42,BUY,-200,0.42,0.43
2026-01-03T23:16:03.432564Z,price_change,0.42,BUY,200,0.42,0.43
2026-01-03T23:16:14.378663Z,price_change,0.45999999999999996,SELL,83,0.42,0.43
2026-01-03T23:16:25.001629Z,price_change,0.4,BUY,-500,0.42,0.43
2026-01-03T23:16:29.188802Z,price_change,0.43000000000000005,SELL,-10,0.42,0.43
2026-01-03T23:16:33.604556Z,price_change,0.42,BUY,-200,0.42,0.43
2026-01-03T23:16:33.72467Z,price_change,0.42,BUY,200,0.42,0.43
2026-01-03T23:16:38.597703Z,price_change,0.47,SELL,-98,0.42,0.43
2026-01-03T23:16:39.061451Z,price_change,0.43000000000000005,SELL,-11,0.42,0.43
2026-01-03T23:16:45.056023Z,price_change,0.47,SELL,-5806,0.42,0.43
2026-01-03T23:16:45.056967Z,price_change,0.47,SELL,-76,0.42,0.43
2026-01-03T23:16:45.108924Z,price_change,0.47,SELL,-98,0.42,0.43
2026-01-03T23:16:45.163712Z,price_change,0.47,SELL,-7742,0.42,0.43
2026-01-03T23:16:50.657352Z,price_change,0.4,BUY,500,0.42,0.43
2026-01-03T23:17:03.907254Z,price_change,0.42,BUY,-200,0.42,0.43
2026-01-03T23:17:04.009528Z,price_change,0.42,BUY,200,0.42,0.43
2026-01-03T23:17:06.118116Z,price_change,0.47,SELL,6791,0.42,0.43
2026-01-03T23:17:06.169222Z,price_change,0.47,SELL,7830,0.42,0.43
2026-01-03T23:17:19.334666Z,price_change,0.43000000000000005,SELL,-11,0.42,0.43
2026-01-03T23:17:21.974099Z,price_change,0.47,SELL,-1147,0.42,0.43
2026-01-03T23:17:22.621965Z,price_change,0.45999999999999996,SELL,-43,0.42,0.43
2026-01-03T23:17:22.675557Z,price_change,0.45999999999999996,SELL,-83,0.42,0.43
2026-01-03T23:17:26.754713Z,price_change,0.47,SELL,1147,0.42,0.43
2026-01-03T23:17:34.267143Z,price_change,0.42,BUY,-200,0.42,0.43
2026-01-03T23:17:34.386734Z,price_change,0.42,BUY,200,0.42,0.43
2026-01-03T23:17:35.000789Z,price_change,0.4,BUY,-500,0.42,0.43
2026-01-03T23:17:56.761919Z,price_change,0.4,BUY,500,0.42,0.43
2026-01-03T23:18:01.026029Z,price_change,0.43000000000000005,SELL,-11,0.42,0.43
2026-01-03T23:18:04.50634Z,price_change,0.42,BUY,-200,0.42,0.43
2026-01-03T23:18:04.622204Z,price_change,0.42,BUY,200,0.42,0.43
2026-01-03T23:18:16.317345Z,price_change,0.45999999999999996,SELL,211,0.42,0.43
2026-01-03T23:18:17.544364Z,price_change,0.43000000000000005,SELL,-10,0.42,0.43
2026-01-03T23:18:17.687884Z,price_change,0.43000000000000005,SELL,10,0.42,0.43
2026-01-03T23:18:27.138488Z,price_change,0.47,SELL,-477,0.42,0.43
2026-01-03T23:18:27.723991Z,price_change,0.47,SELL,477,0.42,0.43
2026-01-03T23:18:34.966564Z,price_change,0.42,BUY,-200,0.42,0.43
2026-01-03T23:18:35.100314Z,price_change,0.42,BUY,200,0.42,0.43
2026-01-03T23:18:42.531545Z,price_change,0.42,BUY,3,0.42,0.43
2026-01-03T23:18:42.710566Z,price_change,0.43000000000000005,SELL,-10,0.42,0.43
2026-01-03T23:18:46.06124Z,price_change,0.47,SELL,-477,0.42,0.43
2026-01-03T23:18:46.062606Z,price_change,0.47,SELL,-670,0.42,0.43
2026-01-03T23:18:48.042232Z,price_change,0.45999999999999996,SELL,-69,0.42,0.43
2026-01-03T23:18:48.043686Z,price_change,0.45999999999999996,SELL,-345,0.42,0.43
2026-01-03T23:18:48.045247Z,price_change,0.45999999999999996,SELL,-60,0.42,0.43
2026-01-03T23:18:48.045579Z,price_change,0.41,BUY,-390,0.42,0.43
2026-01-03T23:18:48.046618Z,price_change,0.45999999999999996,SELL,-41,0.42,0.43
2026-01-03T23:18:48.046763Z,price_change,0.4,BUY,-355,0.42,0.43
2026-01-03T23:18:48.04792Z,price_change,0.45999999999999996,SELL,-49,0.42,0.43
2026-01-03T23:18:48.049504Z,price_change,0.45999999999999996,SELL,-270,0.42,0.43
2026-01-03T23:18:48.050915Z,price_change,0.45999999999999996,SELL,-211,0.42,0.43
2026-01-03T23:18:48.055603Z,price_change,0.45999999999999996,SELL,-994,0.42,0.43
2026-01-03T23:18:48.068038Z,price_change,0.43999999999999995,SELL,-372,0.42,0.43
2026-01-03T23:18:48.086822Z,price_change,0.44999999999999996,SELL,-375,0.42,0.43
2026-01-03T23:18:48.147161Z,price_change,0.47,SELL,-2076,0.42,0.43
2026-01-03T23:18:48.233034Z,price_change,0.45999999999999996,SELL,-30,0.42,0.43
2026-01-03T23:18:48.352393Z,price_change,0.47,SELL,731,0.42,0.43
2026-01-03T23:18:48.437705Z,price_change,0.41,BUY,-1825,0.42,0.43
2026-01-03T23:18:48.4906Z,price_change,0.4,BUY,-1868,0.42,0.43
2026-01-03T23:18:48.56099Z,price_change,0.44999999999999996,SELL,-1878,0.42,0.43
2026-01-03T23:18:48.597553Z,price_change,0.45999999999999996,SELL,-1617,0.42,0.43
2026-01-03T23:18:48.701492Z,price_change,0.43000000000000005,SELL,-8,0.42,0.43
2026-01-03T23:18:48.817001Z,price_change,0.42,BUY,-1947,0.42,0.43
2026-01-03T23:18:49.513679Z,price_change,0.47,SELL,-731,0.42,0.43
2026-01-03T23:18:49.632853Z,price_change,0.47,SELL,-416,0.42,0.43
2026-01-03T23:18:50.353385Z,price_change,0.42,BUY,1954,0.42,0.43
2026-01-03T23:18:50.356097Z,price_change,0.41,BUY,1769,0.42,0.43
2026-01-03T23:18:50.35739Z,price_change,0.45999999999999996,SELL,1617,0.42,0.43
2026-01-03T23:18:50.362154Z,price_change,0.44999999999999996,SELL,1876,0.42,0.43
2026-01-03T23:18:50.451996Z,price_change,0.45999999999999996,SELL,1685,0.42,0.43
2026-01-03T23:18:50.453505Z,price_change,0.47,SELL,2049,0.42,0.43
2026-01-03T23:18:50.628688Z,price_change,0.4,BUY,350,0.42,0.43
2026-01-03T23:18:50.634734Z,price_change,0.43999999999999995,SELL,350,0.42,0.43
2026-01-03T23:18:50.645004Z,price_change,0.44999999999999996,SELL,377,0.42,0.43
2026-01-03T23:18:50.76164Z,price_change,0.45999999999999996,SELL,250,0.42,0.43
2026-01-03T23:18:50.763462Z,price_change,0.47,SELL,423,0.42,0.43
2026-01-03T23:18:50.780783Z,price_change,0.41,BUY,373,0.42,0.43
2026-01-03T23:18:50.883247Z,price_change,0.44999999999999996,SELL,-2258,0.42,0.43
2026-01-03T23:18:51.033195Z,price_change,0.44999999999999996,SELL,-89,0.42,0.43
2026-01-03T23:18:51.265071Z,price_change,0.44999999999999996,SELL,2248,0.42,0.43
2026-01-03T23:18:51.269884Z,price_change,0.44999999999999996,SELL,-5000,0.42,0.43
2026-01-03T23:18:51.269884Z,price_change,0.45999999999999996,SELL,5000,0.42,0.43
2026-01-03T23:18:51.395048Z,price_change,0.41,BUY,-5000,0.42,0.43
2026-01-03T23:18:51.395048Z,price_change,0.42,BUY,5000,0.42,0.43
2026-01-03T23:18:53.886144Z,price_change,0.47,SELL,52,0.42,0.43
2026-01-03T23:18:54.373981Z,price_change,0.47,SELL,-423,0.42,0.43
2026-01-03T23:18:54.374929Z,price_change,0.47,SELL,-52,0.42,0.43
2026-01-03T23:18:54.486885Z,price_change,0.47,SELL,475,0.42,0.43
2026-01-03T23:18:54.544677Z,price_change,0.47,SELL,-1975,0.42,0.43
2026-01-03T23:18:54.593162Z,price_change,0.47,SELL,-475,0.42,0.43
2026-01-03T23:18:56.487282Z,price_change,0.47,SELL,1147,0.42,0.43
2026-01-03T23:18:58.993602Z,price_change,0.47,SELL,2450,0.42,0.43
2026-01-03T23:18:59.062384Z,price_change,0.47,SELL,-6772,0.42,0.43
2026-01-03T23:18:59.460264Z,price_change,0.47,SELL,-4169,0.42,0.43
2026-01-03T23:18:59.508678Z,price_change,0.47,SELL,-1147,0.42,0.43
2026-01-03T23:18:59.509884Z,price_change,0.47,SELL,-2450,0.42,0.43
2026-01-03T23:18:59.510792Z,price_change,0.47,SELL,-74,0.42,0.43
2026-01-03T23:19:05.203464Z,price_change,0.42,BUY,-200,0.42,0.43
2026-01-03T23:19:05.484455Z,price_change,0.42,BUY,200,0.42,0.43
2026-01-03T23:19:21.58396Z,price_change,0.47,SELL,27,0.42,0.43
2026-01-03T23:19:35.390029Z,price_change,0.45999999999999996,SELL,61,0.42,0.43
2026-01-03T23:19:35.605099Z,price_change,0.42,BUY,-200,0.42,0.43
2026-01-03T23:19:35.70677Z,price_change,0.42,BUY,200,0.42,0.43
2026-01-03T23:19:38.362079Z,price_change,0.45999999999999996,SELL,294,0.42,0.43
2026-01-03T23:19:39.647821Z,price_change,0.45999999999999996,SELL,49,0.42,0.43
2026-01-03T23:19:59.24478Z,price_change,0.45999999999999996,SELL,294,0.42,0.43
2026-01-03T23:20:00.701933Z,price_change,0.47,SELL,7840,0.42,0.43
2026-01-03T23:20:04.102784Z,price_change,0.47,SELL,6823,0.42,0.43
2026-01-03T23:20:05.961883Z,price_change,0.42,BUY,-200,0.42,0.43
2026-01-03T23:20:06.437491Z,price_change,0.42,BUY,200,0.42,0.43
2026-01-03T23:20:22.888902Z,price_change,0.45999999999999996,SELL,2230,0.42,0.43
2026-01-03T23:20:22.926455Z,price_change,0.45999999999999996,SELL,961,0.42,0.43
2026-01-03T23:20:23.626178Z,price_change,0.45999999999999996,SELL,980,0.42,0.43
2026-01-03T23:20:26.859516Z,price_change,0.45999999999999996,SELL,-980,0.42,0.43
2026-01-03T23:20:28.873295Z,price_change,0.45999999999999996,SELL,-701,0.42,0.43
2026-01-03T23:20:28.87478Z,price_change,0.41,BUY,-701,0.42,0.43
2026-01-03T23:20:29.050528Z,price_change,0.47,SELL,-1147,0.42,0.43
2026-01-03T23:20:29.444063Z,price_change,0.45999999999999996,SELL,-48,0.42,0.43
2026-01-03T23:20:29.878679Z,price_change,0.47,SELL,-490,0.42,0.43
2026-01-03T23:20:30.267899Z,price_change,0.47,SELL,490,0.42,0.43
2026-01-03T23:20:30.550317Z,price_change,0.47,SELL,-490,0.42,0.43
2026-01-03T23:20:31.069444Z,price_change,0.49,SELL,-225,0.42,0.43
2026-01-03T23:20:31.09914Z,price_change,0.5,SELL,229,0.42,0.43
2026-01-03T23:20:31.117268Z,price_change,0.47,SELL,1832,0.42,0.43
2026-01-03T23:20:31.25022Z,price_change,0.45999999999999996,SELL,705,0.42,0.43
2026-01-03T23:20:31.327923Z,price_change,0.41,BUY,705,0.42,0.43
2026-01-03T23:20:31.440604Z,price_change,0.47,SELL,490,0.42,0.43
2026-01-03T23:20:31.780365Z,price_change,0.44999999999999996,SELL,-48,0.42,0.43
2026-01-03T23:20:31.822899Z,price_change,0.42,BUY,-74149,0.42,0.43
2026-01-03T23:20:31.823761Z,price_change,0.44999999999999996,SELL,-300000,0.42,0.43
2026-01-03T23:20:31.977316Z,price_change,0.42,BUY,74149,0.42,0.43
2026-01-03T23:20:31.980356Z,price_change,0.44999999999999996,SELL,300000,0.42,0.43
2026-01-03T23:20:31.995309Z,price_change,0.18,BUY,-135,0.42,0.43
2026-01-03T23:20:31.998008Z,price_change,0.19,BUY,-146,0.42,0.43
2026-01-03T23:20:31.999163Z,price_change,0.17,BUY,-420,0.42,0.43
2026-01-03T23:20:32.000289Z,price_change,0.16,BUY,413,0.42,0.43
2026-01-03T23:20:32.178224Z,price_change,0.47,SELL,1151,0.42,0.43
2026-01-03T23:20:32.223142Z,price_change,0.45999999999999996,SELL,-67,0.42,0.43
2026-01-03T23:20:32.274845Z,price_change,0.45999999999999996,SELL,-913,0.42,0.43
2026-01-03T23:20:32.389783Z,price_change,0.47,SELL,980,0.42,0.43
2026-01-03T23:20:32.519611Z,price_change,0.47,SELL,-5660,0.42,0.43
2026-01-03T23:20:32.604331Z,price_change,0.44999999999999996,SELL,-2248,0.42,0.43
2026-01-03T23:20:32.90536Z,price_change,0.45999999999999996,SELL,-5556,0.42,0.43
2026-01-03T23:20:33.152944Z,price_change,0.44999999999999996,SELL,2238,0.42,0.43
2026-01-03T23:20:33.290142Z,price_change,0.44999999999999996,SELL,-5455,0.42,0.43
2026-01-03T23:20:33.365267Z,price_change,0.45999999999999996,SELL,-2230,0.42,0.43
2026-01-03T23:20:33.366206Z,price_change,0.45999999999999996,SELL,-1202,0.42,0.43
2026-01-03T23:20:33.367173Z,price_change,0.45999999999999996,SELL,-551,0.42,0.43
2026-01-03T23:20:33.384867Z,price_change,0.45999999999999996,SELL,-7281,0.42,0.43
2026-01-03T23:20:33.38588Z,price_change,0.45999999999999996,SELL,-447,0.42,0.43
2026-01-03T23:20:33.554243Z,price_change,0.45999999999999996,SELL,-227,0.42,0.43
2026-01-03T23:20:33.555113Z,price_change,0.45999999999999996,SELL,-294,0.42,0.43
2026-01-03T23:20:33.555884Z,price_change,0.45999999999999996,SELL,-250,0.42,0.43
2026-01-03T23:20:33.556744Z,price_change,0.45999999999999996,SELL,-1685,0.42,0.43
2026-01-03T23:20:33.557575Z,price_change,0.45999999999999996,SELL,-49,0.42,0.43
2026-01-03T23:20:33.558342Z,price_change,0.45999999999999996,SELL,-362,0.42,0.43
2026-01-03T23:20:33.559238Z,price_change,0.45999999999999996,SELL,-61,0.42,0.43
2026-01-03T23:20:33.560194Z,price_change,0.47,SELL,-490,0.42,0.43
2026-01-03T23:20:33.561076Z,price_change,0.47,SELL,-980,0.42,0.43
2026-01-03T23:20:33.561884Z,price_change,0.47,SELL,-1151,0.42,0.43
2026-01-03T23:20:33.562657Z,price_change,0.45999999999999996,SELL,-8909,0.42,0.43
2026-01-03T23:20:33.563502Z,price_change,0.45999999999999996,SELL,-121,0.42,0.43
2026-01-03T23:20:33.612139Z,price_change,0.47,SELL,-1008,0.42,0.43
2026-01-03T23:20:33.661834Z,price_change,0.45999999999999996,SELL,-515,0.42,0.43
2026-01-03T23:20:34.177027Z,price_change,0.47,SELL,-6823,0.42,0.43
2026-01-03T23:20:34.178338Z,price_change,0.47,SELL,-19,0.42,0.43
2026-01-03T23:20:34.179442Z,price_change,0.47,SELL,-910,0.42,0.43
2026-01-03T23:20:34.180478Z,price_change,0.47,SELL,-1343,0.42,0.43
2026-01-03T23:20:34.208826Z,price_change,0.44999999999999996,SELL,-100,0.42,0.43
2026-01-03T23:20:34.239234Z,price_change,0.45999999999999996,SELL,100,0.42,0.43
2026-01-03T23:20:34.339958Z,price_change,0.47,SELL,-22,0.42,0.43
2026-01-03T23:20:34.341437Z,price_change,0.47,SELL,-1048,0.42,0.43
2026-01-03T23:20:34.343153Z,price_change,0.47,SELL,-5195,0.42,0.43
2026-01-03T23:20:34.345821Z,price_change,0.47,SELL,-27,0.42,0.43
2026-01-03T23:20:34.403472Z,price_change,0.47,SELL,-1548,0.42,0.43
2026-01-03T23:20:35.060699Z,price_change,0.45999999999999996,SELL,206,0.42,0.43
2026-01-03T23:20:35.114377Z,price_change,0.47,SELL,-196,0.42,0.43
2026-01-03T23:20:35.776445Z,price_change,0.41,BUY,-705,0.42,0.43
2026-01-03T23:20:36.605735Z,price_change,0.42,BUY,-200,0.42,0.43
2026-01-03T23:20:36.72634Z,price_change,0.42,BUY,200,0.42,0.43
2026-01-03T23:20:38.229387Z,price_change,0.43000000000000005,SELL,-10,0.42,0.43
2026-01-03T23:20:39.332596Z,price_change,0.41,BUY,698,0.42,0.43
2026-01-03T23:20:39.974628Z,price_change,0.47,SELL,-52,0.42,0.43
2026-01-03T23:20:41.057648Z,price_change,0.43000000000000005,SELL,-260,0.42,0.43
2026-01-03T23:20:41.453589Z,price_change,0.45999999999999996,SELL,-135,0.42,0.43
2026-01-03T23:20:41.498525Z,price_change,0.45999999999999996,SELL,-631,0.42,0.43
2026-01-03T23:20:41.499798Z,price_change,0.45999999999999996,SELL,-206,0.42,0.43
2026-01-03T23:20:41.832942Z,price_change,0.44999999999999996,SELL,-49,0.42,0.43
2026-01-03T23:20:45.879515Z,price_change,0.45999999999999996,SELL,1578,0.42,0.43
2026-01-03T23:20:45.912748Z,price_change,0.45999999999999996,SELL,2585,0.42,0.43
2026-01-03T23:20:56.000229Z,price_change,0.4,BUY,-500,0.42,0.43
2026-01-03T23:20:58.293211Z,price_change,0.43000000000000005,SELL,-223,0.42,0.43
2026-01-03T23:21:06.905249Z,price_change,0.42,BUY,-200,0.42,0.43
2026-01-03T23:21:07.137645Z,price_change,0.42,BUY,200,0.42,0.43
2026-01-03T23:21:07.776155Z,price_change,0.45999999999999996,SELL,200,0.42,0.43
2026-01-03T23:21:12.118276Z,price_change,0.42,BUY,-11,0.42,0.43
2026-01-03T23:21:12.119709Z,price_change,0.42,BUY,-978,0.42,0.43
2026-01-03T23:21:12.121025Z,price_change,0.42,BUY,-10,0.42,0.43
2026-01-03T23:21:12.207037Z,price_change,0.42,BUY,273,0.42,0.43
2026-01-03T23:21:12.208564Z,price_change,0.43000000000000005,SELL,726,0.42,0.43
2026-01-03T23:21:12.626717Z,price_change,0.45999999999999996,SELL,-1578,0.42,0.43
2026-01-03T23:21:12.627795Z,price_change,0.45999999999999996,SELL,-489,0.42,0.43
2026-01-03T23:21:12.729636Z,price_change,0.45999999999999996,SELL,-2384,0.42,0.43
2026-01-03T23:21:12.769805Z,price_change,0.45999999999999996,SELL,-200,0.42,0.43
2026-01-03T23:21:17.788594Z,price_change,0.4,BUY,500,0.42,0.43
2026-01-03T23:21:37.306672Z,price_change,0.42,BUY,-200,0.42,0.43
2026-01-03T23:21:37.40681Z,price_change,0.42,BUY,200,0.42,0.43
2026-01-03T23:21:50.000605Z,price_change,0.4,BUY,-500,0.42,0.43
2026-01-03T23:22:07.656838Z,price_change,0.42,BUY,-200,0.42,0.43
2026-01-03T23:22:07.762806Z,price_change,0.42,BUY,200,0.42,0.43
2026-01-03T23:22:10.898663Z,price_change,0.41,BUY,-698,0.42,0.43
2026-01-03T23:22:11.319466Z,price_change,0.41,BUY,698,0.42,0.43
2026-01-03T23:22:12.40554Z,price_change,0.41,BUY,-1000,0.42,0.43
2026-01-03T23:22:12.40708Z,price_change,0.43999999999999995,SELL,-1000,0.42,0.43
2026-01-03T23:22:12.408434Z,price_change,0.43000000000000005,SELL,-726,0.42,0.43
2026-01-03T23:22:12.508663Z,price_change,0.43000000000000005,SELL,-367,0.42,0.43
2026-01-03T23:22:12.508663Z,price_change,0.42,BUY,-273,0.42,0.43
2026-01-03T23:22:12.829483Z,price_change,0.43000000000000005,SELL,-1833,0.42,0.43
2026-01-03T23:22:13.031139Z,price_change,0.43000000000000005,SELL,1466,0.42,0.43
2026-01-03T23:22:15.880237Z,price_change,0.4,BUY,500,0.42,0.43
2026-01-03T23:22:16.263732Z,price_change,0.44999999999999996,SELL,-12984,0.42,0.43
2026-01-03T23:22:16.263732Z,price_change,0.47,SELL,12984,0.42,0.43
2026-01-03T23:22:20.916795Z,price_change,0.41,BUY,-5,0.42,0.43
2026-01-03T23:22:21.445347Z,price_change,0.41,BUY,5,0.42,0.43
2026-01-03T23:22:22.924916Z,price_change,0.43000000000000005,SELL,-6,0.42,0.43
2026-01-03T23:22:34.991176Z,price_change,0.45999999999999996,SELL,-201,0.42,0.43
2026-01-03T23:22:35.193061Z,price_change,0.45999999999999996,SELL,193,0.42,0.43
2026-01-03T23:22:37.905328Z,price_change,0.42,BUY,-200,0.42,0.43
2026-01-03T23:22:38.032461Z,price_change,0.42,BUY,200,0.42,0.43
2026-01-03T23:22:44.774699Z,price_change,0.41,BUY,1000,0.42,0.43
2026-01-03T23:22:44.776555Z,price_change,0.42,BUY,633,0.42,0.43
2026-01-03T23:22:44.778075Z,price_change,0.43000000000000005,SELL,366,0.42,0.43
2026-01-03T23:22:44.779511Z,price_change,0.43999999999999995,SELL,1000,0.42,0.43
2026-01-03T23:22:51.834153Z,price_change,0.45999999999999996,SELL,39,0.42,0.43
2026-01-03T23:22:54.107625Z,price_change,0.45999999999999996,SELL,490,0.42,0.43
2026-01-03T23:23:06.329822Z,price_change,0.35,BUY,-50,0.42,0.43
2026-01-03T23:23:06.430013Z,price_change,0.45999999999999996,SELL,1293,0.42,0.43
2026-01-03T23:23:06.494569Z,price_change,0.45999999999999996,SELL,970,0.42,0.43
2026-01-03T23:23:08.069951Z,price_change,0.43000000000000005,SELL,-11,0.42,0.43
2026-01-03T23:23:08.204679Z,price_change,0.42,BUY,-200,0.42,0.43
2026-01-03T23:23:08.298032Z,price_change,0.42,BUY,200,0.42,0.43
2026-01-03T23:23:18.833548Z,price_change,0.43000000000000005,SELL,-10,0.42,0.43
2026-01-03T23:23:18.977984Z,price_change,0.43000000000000005,SELL,10,0.42,0.43
2026-01-03T23:23:30.742851Z,price_change,0.43000000000000005,SELL,-22,0.42,0.43
2026-01-03T23:23:38.413114Z,price_change,0.42,BUY,-200,0.42,0.43
2026-01-03T23:23:38.51448Z,price_change,0.42,BUY,200,0.42,0.43
2026-01-03T23:24:00.473989Z,price_change,0.43000000000000005,SELL,-22,0.42,0.43
2026-01-03T23:24:08.863575Z,price_change,0.42,BUY,-200,0.42,0.43
2026-01-03T23:24:08.962866Z,price_change,0.42,BUY,200,0.42,0.43
2026-01-03T23:24:10.793605Z,price_change,0.43000000000000005,SELL,-11111,0.42,0.43
2026-01-03T23:24:17.00025Z,price_change,0.4,BUY,-500,0.42,0.43
2026-01-03T23:24:23.138652Z,price_change,0.43000000000000005,SELL,-222,0.42,0.43
2026-01-03T23:24:27.462599Z,price_change,0.47,SELL,6585,0.42,0.43
2026-01-03T23:24:27.60833Z,price_change,0.47,SELL,7840,0.42,0.43
2026-01-03T23:24:30.96959Z,price_change,0.43000000000000005,SELL,-19,0.42,0.43
2026-01-03T23:24:33.269561Z,price_change,0.4,BUY,500,0.42,0.43
2026-01-03T23:24:35.478095Z,price_change,0.43000000000000005,SELL,-55,0.42,0.43
2026-01-03T23:24:39.264275Z,price_change,0.42,BUY,-200,0.42,0.43
2026-01-03T23:24:39.370394Z,price_change,0.42,BUY,200,0.42,0.43
2026-01-03T23:24:48.076497Z,price_change,0.41,BUY,-5,0.42,0.43
2026-01-03T23:24:52.142578Z,price_change,0.41,BUY,5,0.42,0.43
2026-01-03T23:25:08.213109Z,price_change,0.45999999999999996,SELL,5109,0.42,0.43
2026-01-03T23:25:08.271601Z,price_change,0.45999999999999996,SELL,5890,0.42,0.43
2026-01-03T23:25:09.505043Z,price_change,0.42,BUY,-200,0.42,0.43
2026-01-03T23:25:09.606996Z,price_change,0.42,BUY,200,0.42,0.43
2026-01-03T23:25:24.764871Z,price_change,0.43000000000000005,SELL,-130,0.42,0.43
2026-01-03T23:25:36.529198Z,price_change,0.43000000000000005,SELL,-2,0.42,0.43
2026-01-03T23:25:36.723898Z,price_change,0.43000000000000005,SELL,-2,0.42,0.43
2026-01-03T23:25:38.065384Z,price_change,0.41,BUY,-698,0.42,0.43
2026-01-03T23:25:38.944194Z,price_change,0.41,BUY,698,0.42,0.43
2026-01-03T23:25:39.713202Z,price_change,0.42,BUY,-200,0.42,0.43
2026-01-03T23:25:39.993007Z,price_change,0.42,BUY,200,0.42,0.43
2026-01-03T23:25:59.212785Z,price_change,0.43000000000000005,SELL,-9,0.42,0.43
2026-01-03T23:26:07.50696Z,price_change,0.45999999999999996,SELL,-30,0.42,0.43
2026-01-03T23:26:08.540367Z,price_change,0.43000000000000005,SELL,-100,0.42,0.43
2026-01-03T23:26:10.10619Z,price_change,0.42,BUY,-200,0.42,0.43
2026-01-03T23:26:10.372988Z,price_change,0.42,BUY,200,0.42,0.43
2026-01-03T23:26:18.072022Z,price_change,0.47,SELL,-6585,0.42,0.43
2026-01-03T23:26:18.073115Z,price_change,0.47,SELL,-215,0.42,0.43
2026-01-03T23:26:18.166638Z,price_change,0.47,SELL,-7840,0.42,0.43
2026-01-03T23:26:31.499873Z,price_change,0.41,BUY,-5,0.42,0.43
2026-01-03T23:26:40.665903Z,price_change,0.42,BUY,-200,0.42,0.43
2026-01-03T23:26:41.013705Z,price_change,0.42,BUY,200,0.42,0.43
2026-01-03T23:26:42.287998Z,price_change,0.42,BUY,-200,0.42,0.43
2026-01-03T23:26:42.3941Z,price_change,0.42,BUY,200,0.42,0.43
2026-01-03T23:26:46.172312Z,price_change,0.41,BUY,5,0.42,0.43
2026-01-03T23:26:47.461179Z,price_change,0.47,SELL,6800,0.42,0.43
2026-01-03T23:26:47.551566Z,price_change,0.47,SELL,7840,0.42,0.43
2026-01-03T23:26:59.886447Z,price_change,0.47,SELL,-4312,0.42,0.43
2026-01-03T23:27:05.846902Z,price_change,0.45999999999999996,SELL,-30,0.42,0.43
2026-01-03T23:27:09.69752Z,price_change,0.47,SELL,-490,0.42,0.43
2026-01-03T23:27:12.314515Z,price_change,0.43000000000000005,SELL,-15,0.42,0.43
2026-01-03T23:27:12.508759Z,price_change,0.42,BUY,-200,0.42,0.43
2026-01-03T23:27:12.623404Z,price_change,0.42,BUY,200,0.42,0.43
2026-01-03T23:27:15.001355Z,price_change,0.4,BUY,-500,0.42,0.43
2026-01-03T23:27:32.001042Z,price_change,0.4,BUY,-500,0.42,0.43
2026-01-03T23:27:36.231346Z,price_change,0.47,SELL,-4165,0.42,0.43
2026-01-03T23:27:40.914384Z,price_change,0.4,BUY,500,0.42,0.43
2026-01-03T23:27:42.805218Z,price_change,0.42,BUY,-200,0.42,0.43
2026-01-03T23:27:43.093786Z,price_change,0.42,BUY,200,0.42,0.43
2026-01-03T23:27:52.122043Z,price_change,0.4,BUY,500,0.42,0.43
2026-01-03T23:28:09.090525Z,price_change,0.41,BUY,-5,0.42,0.43
2026-01-03T23:28:13.207956Z,price_change,0.42,BUY,-200,0.42,0.43
2026-01-03T23:28:13.473586Z,price_change,0.42,BUY,200,0.42,0.43
2026-01-03T23:28:13.818956Z,price_change,0.44999999999999996,SELL,48,0.42,0.43
2026-01-03T23:28:14.242101Z,price_change,0.47,SELL,-990,0.42,0.43
2026-01-03T23:28:14.350199Z,price_change,0.45999999999999996,SELL,1001,0.42,0.43
2026-01-03T23:28:25.37526Z,price_change,0.43000000000000005,SELL,-10,0.42,0.43
2026-01-03T23:28:25.528355Z,price_change,0.43000000000000005,SELL,10,0.42,0.43
2026-01-03T23:28:32.000596Z,price_change,0.39,BUY,-30,0.42,0.43
2026-01-03T23:28:32.000596Z,price_change,0.39,BUY,-30,0.42,0.43
2026-01-03T23:28:32.000596Z,price_change,0.45999999999999996,SELL,-30,0.42,0.43
2026-01-03T23:28:32.000596Z,price_change,0.39,BUY,-30,0.42,0.43
2026-01-03T23:28:32.000596Z,price_change,0.45999999999999996,SELL,-30,0.42,0.43
2026-01-03T23:28:32.000596Z,price_change,0.45999999999999996,SELL,-30,0.42,0.43
2026-01-03T23:28:36.053744Z,price_change,0.47,SELL,-2635,0.42,0.43
2026-01-03T23:28:36.054927Z,price_change,0.47,SELL,-1590,0.42,0.43
2026-01-03T23:28:36.055851Z,price_change,0.47,SELL,-280,0.42,0.43
2026-01-03T23:28:36.056777Z,price_change,0.47,SELL,-2301,0.42,0.43
2026-01-03T23:28:36.057643Z,price_change,0.47,SELL,-844,0.42,0.43
2026-01-03T23:28:36.127826Z,price_change,0.47,SELL,-3625,0.42,0.43
2026-01-03T23:28:36.182895Z,price_change,0.47,SELL,-1834,0.42,0.43
2026-01-03T23:28:36.185102Z,price_change,0.47,SELL,-323,0.42,0.43
2026-01-03T23:28:36.186732Z,price_change,0.47,SELL,-2048,0.42,0.43
2026-01-03T23:28:43.607995Z,price_change,0.42,BUY,-200,0.42,0.43
2026-01-03T23:28:43.708692Z,price_change,0.42,BUY,200,0.42,0.43
2026-01-03T23:28:57.266972Z,price_change,0.41,BUY,5,0.42,0.43
2026-01-03T23:29:13.806049Z,price_change,0.42,BUY,-200,0.42,0.43
2026-01-03T23:29:13.949024Z,price_change,0.41,BUY,-5,0.42,0.43
2026-01-03T23:29:14.06413Z,price_change,0.42,BUY,200,0.42,0.43
2026-01-03T23:29:17.157121Z,price_change,0.43000000000000005,SELL,-2,0.42,0.43
2026-01-03T23:29:17.589316Z,price_change,0.43000000000000005,SELL,-44,0.42,0.43
2026-01-03T23:29:19.686516Z,price_change,0.43000000000000005,SELL,-10,0.42,0.43
2026-01-03T23:29:22.488047Z,price_change,0.43000000000000005,SELL,-15,0.42,0.43
2026-01-03T23:29:31.478801Z,price_change,0.43000000000000005,SELL,-25,0.42,0.43
2026-01-03T23:29:39.351378Z,price_change,0.43000000000000005,SELL,100,0.42,0.43
2026-01-03T23:29:44.204735Z,price_change,0.42,BUY,-200,0.42,0.43
2026-01-03T23:29:44.337204Z,price_change,0.42,BUY,200,0.42,0.43
2026-01-03T23:29:59.130721Z,price_change,0.43000000000000005,SELL,-22,0.42,0.43
2026-01-03T23:30:00.168451Z,price_change,0.42,BUY,-178,0.42,0.43
2026-01-03T23:30:02.923013Z,price_change,0.45999999999999996,SELL,-992,0.42,0.43
2026-01-03T23:30:05.348517Z,price_change,0.45999999999999996,SELL,-9,0.42,0.43
2026-01-03T23:30:05.45859Z,price_change,0.45999999999999996,SELL,-481,0.42,0.43
2026-01-03T23:30:05.577413Z,price_change,0.47,SELL,6800,0.42,0.43
2026-01-03T23:30:05.612324Z,price_change,0.47,SELL,7840,0.42,0.43
2026-01-03T23:30:11.579333Z,price_change,0.45999999999999996,SELL,-217,0.42,0.43
2026-01-03T23:30:12.022525Z,price_change,0.45999999999999996,SELL,-196,0.42,0.43
2026-01-03T23:30:12.69097Z,price_change,0.45999999999999996,SELL,178,0.42,0.43
2026-01-03T23:30:13.790011Z,price_change,0.45999999999999996,SELL,-49,0.42,0.43
2026-01-03T23:30:13.994165Z,price_change,0.45999999999999996,SELL,-129,0.42,0.43
2026-01-03T23:30:14.0398Z,price_change,0.45999999999999996,SELL,-165,0.42,0.43
2026-01-03T23:30:14.502966Z,price_change,0.42,BUY,-200,0.42,0.43
2026-01-03T23:30:14.602197Z,price_change,0.42,BUY,200,0.42,0.43
2026-01-03T23:30:15.576234Z,price_change,0.45999999999999996,SELL,-206,0.42,0.43
2026-01-03T23:30:15.774498Z,price_change,0.43000000000000005,SELL,-2,0.42,0.43
2026-01-03T23:30:16.476232Z,price_change,0.45999999999999996,SELL,-32,0.42,0.43
2026-01-03T23:30:17.235756Z,price_change,0.45999999999999996,SELL,-60,0.42,0.43
2026-01-03T23:30:17.707571Z,price_change,0.45999999999999996,SELL,-49,0.42,0.43
2026-01-03T23:30:18.060242Z,price_change,0.45999999999999996,SELL,-294,0.42,0.43
2026-01-03T23:30:29.849465Z,price_change,0.43000000000000005,SELL,-32,0.42,0.43
2026-01-03T23:30:32.455131Z,price_change,0.41,BUY,5,0.42,0.43
2026-01-03T23:30:37.305122Z,price_change,0.43000000000000005,SELL,-782,0.42,0.43
2026-01-03T23:30:37.88792Z,price_change,0.41,BUY,-5,0.42,0.43
2026-01-03T23:30:44.704301Z,price_change,0.42,BUY,-200,0.42,0.43
2026-01-03T23:30:44.978642Z,price_change,0.42,BUY,200,0.42,0.43
2026-01-03T23:30:51.000251Z,price_change,0.4,BUY,-500,0.42,0.43
2026-01-03T23:30:57.329247Z,price_change,0.45999999999999996,SELL,-2370,0.42,0.43
2026-01-03T23:30:57.507604Z,price_change,0.45999999999999996,SELL,-972,0.42,0.43
2026-01-03T23:30:57.66828Z,price_change,0.43000000000000005,SELL,-6,0.42,0.43
2026-01-03T23:31:01.175658Z,price_change,0.47,SELL,-5848,0.42,0.43
2026-01-03T23:31:01.178665Z,price_change,0.47,SELL,-2856,0.42,0.43
2026-01-03T23:31:01.280872Z,price_change,0.47,SELL,-997,0.42,0.43
2026-01-03T23:31:01.28263Z,price_change,0.47,SELL,-7840,0.42,0.43
2026-01-03T23:31:01.443086Z,price_change,0.47,SELL,-1198,0.42,0.43
2026-01-03T23:31:01.661823Z,price_change,0.47,SELL,10035,0.42,0.43
2026-01-03T23:31:07.564511Z,price_change,0.47,SELL,-10035,0.42,0.43
2026-01-03T23:31:10.79192Z,price_change,0.41,BUY,12,0.42,0.43
2026-01-03T23:31:10.799929Z,price_change,0.42,BUY,-59,0.42,0.43
2026-01-03T23:31:13.650544Z,price_change,0.4,BUY,500,0.42,0.43
2026-01-03T23:31:15.103975Z,price_change,0.42,BUY,-200,0.42,0.43
2026-01-03T23:31:15.206452Z,price_change,0.42,BUY,200,0.42,0.43
2026-01-03T23:31:16.311745Z,price_change,0.45999999999999996,SELL,-196,0.42,0.43
2026-01-03T23:31:20.10099Z,price_change,0.42,BUY,-67,0.42,0.43
2026-01-03T23:31:20.717566Z,price_change,0.43000000000000005,SELL,-219,0.42,0.43
2026-01-03T23:31:21.385875Z,price_change,0.45999999999999996,SELL,-107,0.42,0.43
2026-01-03T23:31:25.093512Z,price_change,0.42,BUY,-40,0.42,0.43
2026-01-03T23:31:27.253791Z,price_change,0.42,BUY,-267,0.42,0.43
2026-01-03T23:31:29.919168Z,price_change,0.41,BUY,5,0.42,0.43
2026-01-03T23:31:38.241111Z,price_change,0.43000000000000005,SELL,-11,0.42,0.43
2026-01-03T23:31:40.235079Z,price_change,0.43000000000000005,SELL,-20,0.42,0.43
2026-01-03T23:31:45.472625Z,price_change,0.42,BUY,-200,0.42,0.43
2026-01-03T23:31:45.622404Z,price_change,0.42,BUY,200,0.42,0.43
2026-01-03T23:31:51.033454Z,price_change,0.41,BUY,-5,0.42,0.43
2026-01-03T23:31:55.057734Z,price_change,0.47,SELL,-952,0.42,0.43
2026-01-03T23:31:55.058947Z,price_change,0.47,SELL,-25,0.42,0.43
2026-01-03T23:31:55.06011Z,price_change,0.47,SELL,-2629,0.42,0.43
2026-01-03T23:31:55.061192Z,price_change,0.47,SELL,-2866,0.42,0.43
2026-01-03T23:31:55.062443Z,price_change,0.47,SELL,-328,0.42,0.43
2026-01-03T23:31:55.169851Z,price_change,0.47,SELL,-3681,0.42,0.43
2026-01-03T23:31:55.224172Z,price_change,0.47,SELL,-1147,0.42,0.43
2026-01-03T23:31:55.225555Z,price_change,0.47,SELL,-1128,0.42,0.43
2026-01-03T23:31:55.226933Z,price_change,0.47,SELL,-57,0.42,0.43
2026-01-03T23:31:55.228598Z,price_change,0.47,SELL,-849,0.42,0.43
2026-01-03T23:31:55.229903Z,price_change,0.47,SELL,-978,0.42,0.43
2026-01-03T23:31:55.451525Z,price_change,0.43000000000000005,SELL,-10,0.42,0.43
2026-01-03T23:31:55.685245Z,price_change,0.47,SELL,6800,0.42,0.43
2026-01-03T23:31:55.718116Z,price_change,0.47,SELL,7840,0.42,0.43
2026-01-03T23:32:01.166764Z,price_change,0.43000000000000005,SELL,-25,0.42,0.43
2026-01-03T23:32:05.35923Z,price_change,0.45999999999999996,SELL,-69,0.42,0.43
2026-01-03T23:32:05.441494Z,price_change,0.43000000000000005,SELL,-23519,0.42,0.43
2026-01-03T23:32:05.443457Z,price_change,0.43000000000000005,SELL,-1466,0.42,0.43
2026-01-03T23:32:05.502146Z,price_change,0.43999999999999995,SELL,24985,0.42,0.43
2026-01-03T23:32:05.689342Z,price_change,0.47,SELL,-6800,0.42,0.43
2026-01-03T23:32:05.789525Z,price_change,0.47,SELL,-7840,0.42,0.43
2026-01-03T23:32:06.29052Z,price_change,0.42,BUY,-40,0.42,0.43
2026-01-03T23:32:06.887122Z,price_change,0.4,BUY,-100,0.42,0.43
2026-01-03T23:32:07.135208Z,price_change,0.41,BUY,-75,0.42,0.43
2026-01-03T23:32:09.661953Z,price_change,0.42,BUY,40,0.42,0.43
2026-01-03T23:32:14.18375Z,price_change,0.47,SELL,343,0.42,0.43
2026-01-03T23:32:14.316602Z,price_change,0.41,BUY,5,0.42,0.43
2026-01-03T23:32:15.761255Z,price_change,0.41,BUY,-1000,0.42,0.43
2026-01-03T23:32:15.762861Z,price_change,0.43999999999999995,SELL,-1000,0.42,0.43
2026-01-03T23:32:15.764246Z,price_change,0.43000000000000005,SELL,-366,0.42,0.43
2026-01-03T23:32:15.803095Z,price_change,0.42,BUY,-200,0.42,0.43
2026-01-03T23:32:15.810087Z,price_change,0.43000000000000005,SELL,-10,0.42,0.43
2026-01-03T23:32:15.810087Z,price_change,0.43000000000000005,SELL,-100,0.42,0.43
2026-01-03T23:32:15.810087Z,price_change,0.43,BUY,75,0.43,0.43
2026-01-03T23:32:15.81134Z,price_change,0.42,BUY,367,0.43,0.43
2026-01-03T23:32:15.812185Z,price_change,0.43999999999999995,SELL,814,0.43,0.43
2026-01-03T23:32:15.813Z,price_change,0.44999999999999996,SELL,1000,0.43,0.43
2026-01-03T23:32:15.879462Z,price_change,0.43,BUY,1088,0.43,0.43
2026-01-03T23:32:15.900751Z,price_change,0.42,BUY,200,0.43,0.43
2026-01-03T23:32:15.960394Z,price_change,0.47,SELL,1700,0.43,0.43
2026-01-03T23:32:15.963089Z,price_change,0.42,BUY,-1161,0.43,0.43
2026-01-03T23:32:15.963089Z,price_change,0.43,BUY,1253,0.43,0.43
2026-01-03T23:32:16.037718Z,price_change,0.47,SELL,1616,0.43,0.43
2026-01-03T23:32:16.090422Z,price_change,0.47,SELL,-343,0.43,0.43
2026-01-03T23:32:16.125991Z,price_change,0.47,SELL,2000,0.43,0.43
2026-01-03T23:32:16.148423Z,price_change,0.42,BUY,-200,0.43,0.43
2026-01-03T23:32:16.319924Z,price_change,0.47,SELL,-1616,0.43,0.43
2026-01-03T23:32:17.222222Z,price_change,0.43999999999999995,SELL,10,0.43,0.43
2026-01-03T23:32:17.506327Z,price_change,0.41,BUY,-5,0.43,0.43
2026-01-03T23:32:17.873654Z,price_change,0.41,BUY,75,0.43,0.43
2026-01-03T23:32:18.03782Z,price_change,0.4,BUY,100,0.43,0.43
2026-01-03T23:32:18.34623Z,price_change,0.42,BUY,-40,0.43,0.43
2026-01-03T23:32:29.065335Z,price_change,0.43,BUY,-75,0.43,0.43
2026-01-03T23:32:29.099366Z,price_change,0.43,BUY,50,0.43,0.43
2026-01-03T23:32:29.100334Z,price_change,0.43999999999999995,SELL,135,0.43,0.43
2026-01-03T23:32:31.608005Z,price_change,0.43,BUY,-40,0.43,0.43
2026-01-03T23:32:40.000061Z,price_change,0.4,BUY,-500,0.43,0.43
2026-01-03T23:32:42.050934Z,price_change,0.43,BUY,-12,0.43,0.43
2026-01-03T23:32:45.013467Z,price_change,0.43,BUY,-67,0.43,0.43
2026-01-03T23:32:46.642625Z,price_change,0.45999999999999996,SELL,-32,0.43,0.43
2026-01-03T23:33:00.149142Z,price_change,0.43,BUY,-6,0.43,0.43
2026-01-03T23:33:00.713636Z,price_change,0.43,BUY,-40,0.43,0.43
2026-01-03T23:33:03.619932Z,price_change,0.43,BUY,-19,0.43,0.43
2026-01-03T23:33:03.62736Z,price_change,0.45999999999999996,SELL,1152,0.43,0.43
2026-01-03T23:33:03.956889Z,price_change,0.47,SELL,-1700,0.43,0.43
2026-01-03T23:33:03.958338Z,price_change,0.47,SELL,-1007,0.43,0.43
2026-01-03T23:33:04.077036Z,price_change,0.47,SELL,-609,0.43,0.43
2026-01-03T23:33:04.120621Z,price_change,0.47,SELL,-553,0.43,0.43
2026-01-03T23:33:04.161583Z,price_change,0.45999999999999996,SELL,-194,0.43,0.43
2026-01-03T23:33:05.540168Z,price_change,0.44999999999999996,SELL,-6,0.43,0.43
2026-01-03T23:33:05.544885Z,price_change,0.42,BUY,-28,0.43,0.43
2026-01-03T23:33:05.546512Z,price_change,0.45999999999999996,SELL,-463,0.43,0.43
2026-01-03T23:33:05.574382Z,price_change,0.4,BUY,26,0.43,0.43
2026-01-03T23:33:05.576023Z,price_change,0.43999999999999995,SELL,898,0.43,0.43
2026-01-03T23:33:05.752496Z,price_change,0.42,BUY,-74149,0.43,0.43
2026-01-03T23:33:05.753395Z,price_change,0.44999999999999996,SELL,-300000,0.43,0.43
2026-01-03T23:33:05.77347Z,price_change,0.17,BUY,294,0.43,0.43
2026-01-03T23:33:05.842799Z,price_change,0.44999999999999996,SELL,-2238,0.43,0.43
2026-01-03T23:33:05.906984Z,price_change,0.41,BUY,74149,0.43,0.43
2026-01-03T23:33:06.155741Z,price_change,0.43,BUY,-7,0.43,0.43
2026-01-03T23:33:06.260402Z,price_change,0.39,BUY,-660,0.43,0.43
2026-01-03T23:33:06.262063Z,price_change,0.48,SELL,-662,0.43,0.43
2026-01-03T23:33:06.263612Z,price_change,0.38,BUY,-225,0.43,0.43
2026-01-03T23:33:06.26537Z,price_change,0.5,SELL,-229,0.43,0.43
2026-01-03T23:33:06.30458Z,price_change,0.38,BUY,677,0.43,0.43
2026-01-03T23:33:06.30617Z,price_change,0.47,SELL,650,0.43,0.43
2026-01-03T23:33:06.307883Z,price_change,0.37,BUY,232,0.43,0.43
2026-01-03T23:33:06.309531Z,price_change,0.49,SELL,225,0.43,0.43
2026-01-03T23:33:06.471121Z,price_change,0.45999999999999996,SELL,-2037,0.43,0.43
2026-01-03T23:33:06.478337Z,price_change,0.4,BUY,500,0.43,0.43
2026-01-03T23:33:06.52708Z,price_change,0.43,BUY,-597,0.43,0.43
2026-01-03T23:33:06.569545Z,price_change,0.43,BUY,-277,0.43,0.43
2026-01-03T23:33:06.58747Z,price_change,0.43999999999999995,SELL,1964,0.43,0.43
2026-01-03T23:33:06.804215Z,price_change,0.43999999999999995,SELL,300000,0.43,0.43
2026-01-03T23:33:06.823715Z,price_change,0.45999999999999996,SELL,159,0.43,0.43
2026-01-03T23:33:06.927681Z,price_change,0.44999999999999996,SELL,-200,0.43,0.43
2026-01-03T23:33:06.935171Z,price_change,0.44999999999999996,SELL,-158,0.43,0.43
2026-01-03T23:33:06.954641Z,price_change,0.43999999999999995,SELL,37,0.43,0.43
2026-01-03T23:33:07.01591Z,price_change,0.43,BUY,-202,0.43,0.43
2026-01-03T23:33:07.130865Z,price_change,0.47,SELL,-51,0.43,0.43
2026-01-03T23:33:07.133743Z,price_change,0.47,SELL,-1684,0.43,0.43
2026-01-03T23:33:07.13497Z,price_change,0.47,SELL,-1195,0.43,0.43
2026-01-03T23:33:07.136177Z,price_change,0.47,SELL,-443,0.43,0.43
2026-01-03T23:33:07.205754Z,price_change,0.47,SELL,-73,0.43,0.43
2026-01-03T23:33:07.206619Z,price_change,0.47,SELL,-259,0.43,0.43
2026-01-03T23:33:07.207281Z,price_change,0.47,SELL,-47,0.43,0.43
2026-01-03T23:33:07.250527Z,price_change,0.45999999999999996,SELL,1396,0.43,0.43
2026-01-03T23:33:07.271588Z,price_change,0.42,BUY,-5000,0.43,0.43
2026-01-03T23:33:07.271588Z,price_change,0.4,BUY,5000,0.43,0.43
2026-01-03T23:33:07.321443Z,price_change,0.47,SELL,2125,0.43,0.43
2026-01-03T23:33:07.355775Z,price_change,0.45999999999999996,SELL,30,0.43,0.43
2026-01-03T23:33:07.449419Z,price_change,0.45999999999999996,SELL,-100,0.43,0.43
2026-01-03T23:33:07.457417Z,price_change,0.42,BUY,-100,0.43,0.43
2026-01-03T23:33:07.465329Z,price_change,0.47,SELL,-851,0.43,0.43
2026-01-03T23:33:07.466261Z,price_change,0.47,SELL,-1450,0.43,0.43
2026-01-03T23:33:07.467192Z,price_change,0.47,SELL,-294,0.43,0.43
2026-01-03T23:33:07.469392Z,price_change,0.47,SELL,-336,0.43,0.43
2026-01-03T23:33:07.501441Z,price_change,0.43999999999999995,SELL,100,0.43,0.43
2026-01-03T23:33:07.515189Z,price_change,0.47,SELL,-469,0.43,0.43
2026-01-03T23:33:07.554738Z,price_change,0.4,BUY,100,0.43,0.43
2026-01-03T23:33:07.686377Z,price_change,0.45999999999999996,SELL,1345,0.43,0.43
2026-01-03T23:33:07.687758Z,price_change,0.47,SELL,2450,0.43,0.43
2026-01-03T23:33:07.840667Z,price_change,0.43,BUY,-4,0.43,0.43
2026-01-03T23:33:07.896651Z,price_change,0.45999999999999996,SELL,-5000,0.43,0.43
2026-01-03T23:33:07.896651Z,price_change,0.43999999999999995,SELL,5000,0.43,0.43
2026-01-03T23:33:07.950365Z,price_change,0.45999999999999996,SELL,39,0.43,0.43
2026-01-03T23:33:08.071135Z,price_change,0.47,SELL,-39,0.43,0.43
2026-01-03T23:33:08.49448Z,price_change,0.45999999999999996,SELL,-39,0.43,0.43
2026-01-03T23:33:08.539859Z,price_change,0.45999999999999996,SELL,-941,0.43,0.43
2026-01-03T23:33:08.645901Z,price_change,0.47,SELL,-2125,0.43,0.43
2026-01-03T23:33:08.647702Z,price_change,0.47,SELL,-437,0.43,0.43
2026-01-03T23:33:08.648962Z,price_change,0.47,SELL,-872,0.43,0.43
2026-01-03T23:33:08.687918Z,price_change,0.47,SELL,-1257,0.43,0.43
2026-01-03T23:33:08.690596Z,price_change,0.47,SELL,-504,0.43,0.43
2026-01-03T23:33:08.693275Z,price_change,0.47,SELL,-2411,0.43,0.43
2026-01-03T23:33:08.755806Z,price_change,0.45999999999999996,SELL,-705,0.43,0.43
2026-01-03T23:33:08.756655Z,price_change,0.41,BUY,-698,0.43,0.43
2026-01-03T23:33:08.793313Z,price_change,0.45999999999999996,SELL,-39,0.43,0.43
2026-01-03T23:33:08.832925Z,price_change,0.47,SELL,-1005,0.43,0.43
2026-01-03T23:33:08.845602Z,price_change,0.42,BUY,-1954,0.43,0.43
2026-01-03T23:33:08.854104Z,price_change,0.45999999999999996,SELL,-1396,0.43,0.43
2026-01-03T23:33:08.855108Z,price_change,0.45999999999999996,SELL,-1374,0.43,0.43
2026-01-03T23:33:08.856075Z,price_change,0.47,SELL,-3061,0.43,0.43
2026-01-03T23:33:08.972298Z,price_change,0.45999999999999996,SELL,-1617,0.43,0.43
2026-01-03T23:33:08.988406Z,price_change,0.41,BUY,-373,0.43,0.43
2026-01-03T23:33:08.991122Z,price_change,0.45999999999999996,SELL,-30,0.43,0.43
2026-01-03T23:33:08.991838Z,price_change,0.45999999999999996,SELL,-365,0.43,0.43
2026-01-03T23:33:08.992574Z,price_change,0.45999999999999996,SELL,-159,0.43,0.43
2026-01-03T23:33:08.995809Z,price_change,0.45999999999999996,SELL,-958,0.43,0.43
2026-01-03T23:33:08.999821Z,price_change,0.44999999999999996,SELL,-1876,0.43,0.43
2026-01-03T23:33:09.001279Z,price_change,0.41,BUY,-1769,0.43,0.43
2026-01-03T23:33:09.089632Z,price_change,0.4,BUY,-350,0.43,0.43
2026-01-03T23:33:09.117664Z,price_change,0.43999999999999995,SELL,-350,0.43,0.43
2026-01-03T23:33:09.185966Z,price_change,0.47,SELL,-1450,0.43,0.43
2026-01-03T23:33:09.188651Z,price_change,0.47,SELL,-1832,0.43,0.43
2026-01-03T23:33:09.204716Z,price_change,0.44999999999999996,SELL,-377,0.43,0.43
2026-01-03T23:33:09.240953Z,price_change,0.45999999999999996,SELL,-1179,0.43,0.43
2026-01-03T23:33:09.482244Z,price_change,0.47,SELL,-2864,0.43,0.43
2026-01-03T23:33:09.531156Z,price_change,0.45999999999999996,SELL,-544,0.43,0.43
2026-01-03T23:33:09.578379Z,price_change,0.45999999999999996,SELL,-1575,0.43,0.43
2026-01-03T23:33:09.83204Z,price_change,0.44999999999999996,SELL,-49,0.43,0.43
2026-01-03T23:33:09.832956Z,price_change,0.44999999999999996,SELL,-301,0.43,0.43
2026-01-03T23:33:09.833977Z,price_change,0.41,BUY,-25,0.43,0.43
2026-01-03T23:33:09.834768Z,price_change,0.44999999999999996,SELL,-61,0.43,0.43
2026-01-03T23:33:09.83557Z,price_change,0.44999999999999996,SELL,-48,0.43,0.43
2026-01-03T23:33:09.836368Z,price_change,0.4,BUY,-26,0.43,0.43
2026-01-03T23:33:09.837175Z,price_change,0.43999999999999995,SELL,-898,0.43,0.43
2026-01-03T23:33:09.865051Z,price_change,0.41,BUY,-74149,0.43,0.43
2026-01-03T23:33:09.866047Z,price_change,0.43999999999999995,SELL,-300000,0.43,0.43
2026-01-03T23:33:09.996811Z,price_change,0.47,SELL,37,0.43,0.43
2026-01-03T23:33:10.105423Z,price_change,0.43999999999999995,SELL,-37,0.43,0.43
2026-01-03T23:33:10.110745Z,price_change,0.45999999999999996,SELL,-4780,0.43,0.43
2026-01-03T23:33:10.124608Z,price_change,0.47,SELL,-8591,0.43,0.43
2026-01-03T23:33:10.125898Z,price_change,0.47,SELL,-37,0.43,0.43
2026-01-03T23:33:10.127523Z,price_change,0.44999999999999996,SELL,37,0.43,0.43
2026-01-03T23:33:10.173663Z,price_change,0.44999999999999996,SELL,271,0.43,0.43
2026-01-03T23:33:10.327788Z,price_change,0.43,BUY,-579,0.43,0.43
2026-01-03T23:33:10.378266Z,price_change,0.16,BUY,-413,0.43,0.43
2026-01-03T23:33:10.380025Z,price_change,0.18,BUY,380,0.43,0.43
2026-01-03T23:33:10.389558Z,price_change,0.44999999999999996,SELL,987,0.43,0.43
2026-01-03T23:33:10.414494Z,price_change,0.42,BUY,-2000,0.43,0.43
2026-01-03T23:33:10.417169Z,price_change,0.45999999999999996,SELL,2000,0.43,0.43
2026-01-03T23:33:10.591069Z,price_change,0.45999999999999996,SELL,-6944,0.43,0.43
2026-01-03T23:33:10.592024Z,price_change,0.41,BUY,-9146,0.43,0.43
2026-01-03T23:33:10.6046Z,price_change,0.43999999999999995,SELL,-1964,0.43,0.43
2026-01-03T23:33:10.632253Z,price_change,0.44999999999999996,SELL,-37,0.43,0.43
2026-01-03T23:33:10.651603Z,price_change,0.43999999999999995,SELL,-4,0.43,0.43
2026-01-03T23:33:10.688262Z,price_change,0.45999999999999996,SELL,-220,0.43,0.43
2026-01-03T23:33:10.688262Z,price_change,0.44999999999999996,SELL,220,0.43,0.43
2026-01-03T23:33:10.691632Z,price_change,0.42,BUY,5000,0.43,0.43
2026-01-03T23:33:10.701913Z,price_change,0.43999999999999995,SELL,37,0.43,0.43
2026-01-03T23:33:10.727706Z,price_change,0.45999999999999996,SELL,2037,0.43,0.43
2026-01-03T23:33:10.834666Z,price_change,0.44999999999999996,SELL,51,0.43,0.43
2026-01-03T23:33:10.873644Z,price_change,0.43999999999999995,SELL,-37,0.43,0.43
2026-01-03T23:33:10.9887Z,price_change,0.44999999999999996,SELL,37,0.43,0.43
2026-01-03T23:33:11.009307Z,price_change,0.45999999999999996,SELL,-426,0.43,0.43
2026-01-03T23:33:11.114699Z,price_change,0.45999999999999996,SELL,-378,0.43,0.43
2026-01-03T23:33:11.161273Z,price_change,0.4,BUY,-5000,0.43,0.43
2026-01-03T23:33:11.164073Z,price_change,0.43999999999999995,SELL,-5000,0.43,0.43
2026-01-03T23:33:11.170815Z,price_change,0.44999999999999996,SELL,133,0.43,0.43
2026-01-03T23:33:11.262634Z,price_change,0.4,BUY,-100,0.43,0.43
2026-01-03T23:33:11.263814Z,price_change,0.43999999999999995,SELL,-100,0.43,0.43
2026-01-03T23:33:11.389887Z,price_change,0.44999999999999996,SELL,196,0.43,0.43
2026-01-03T23:33:11.531865Z,price_change,0.42,BUY,-1181,0.43,0.43
2026-01-03T23:33:11.533107Z,price_change,0.42,BUY,-593,0.43,0.43
2026-01-03T23:33:11.807859Z,price_change,0.38,BUY,-677,0.43,0.43
2026-01-03T23:33:11.808921Z,price_change,0.47,SELL,-650,0.43,0.43
2026-01-03T23:33:11.810607Z,price_change,0.37,BUY,-232,0.43,0.43
2026-01-03T23:33:11.812411Z,price_change,0.49,SELL,-225,0.43,0.43
2026-01-03T23:33:11.865973Z,price_change,0.41,BUY,-75,0.43,0.43
2026-01-03T23:33:11.961013Z,price_change,0.4,BUY,-100,0.43,0.43
2026-01-03T23:33:12.483839Z,price_change,0.4,BUY,-500,0.43,0.43
2026-01-03T23:33:12.870389Z,price_change,0.45999999999999996,SELL,-1365,0.43,0.43
2026-01-03T23:33:12.871508Z,price_change,0.45999999999999996,SELL,-1293,0.43,0.43
2026-01-03T23:33:12.872552Z,price_change,0.45999999999999996,SELL,-282,0.43,0.43
2026-01-03T23:33:12.951462Z,price_change,0.45999999999999996,SELL,-193,0.43,0.43
2026-01-03T23:33:12.95257Z,price_change,0.45999999999999996,SELL,-39,0.43,0.43
2026-01-03T23:33:12.953457Z,price_change,0.45999999999999996,SELL,-112,0.43,0.43
2026-01-03T23:33:13.115773Z,price_change,0.45999999999999996,SELL,-123,0.43,0.43
2026-01-03T23:33:13.140683Z,price_change,0.47,SELL,-2810,0.43,0.43
2026-01-03T23:33:13.34207Z,price_change,0.47,SELL,1875,0.43,0.43
2026-01-03T23:33:13.730881Z,price_change,0.45999999999999996,SELL,-51,0.43,0.43
2026-01-03T23:33:14.004829Z,price_change,0.4,BUY,-500,0.43,0.43
2026-01-03T23:33:14.166005Z,price_change,0.47,SELL,-4064,0.43,0.43
2026-01-03T23:33:14.167237Z,price_change,0.47,SELL,-1875,0.43,0.43
2026-01-03T23:33:14.168175Z,price_change,0.45999999999999996,SELL,-596,0.43,0.43
2026-01-03T23:33:14.169123Z,price_change,0.45999999999999996,SELL,-150,0.43,0.43
2026-01-03T23:33:14.170405Z,price_change,0.44999999999999996,SELL,1380,0.43,0.43
2026-01-03T23:33:14.295586Z,price_change,0.44999999999999996,SELL,166,0.43,0.43
2026-01-03T23:33:14.3566Z,price_change,0.45999999999999996,SELL,-636,0.43,0.43
2026-01-03T23:33:14.412554Z,price_change,0.45999999999999996,SELL,-197,0.43,0.43
2026-01-03T23:33:14.661274Z,price_change,0.45999999999999996,SELL,-1354,0.43,0.43
2026-01-03T23:33:14.662785Z,price_change,0.45999999999999996,SELL,-298,0.43,0.43
2026-01-03T23:33:14.929046Z,price_change,0.45999999999999996,SELL,-278,0.43,0.43
2026-01-03T23:33:15.121423Z,price_change,0.44999999999999996,SELL,178,0.43,0.43
2026-01-03T23:33:15.220284Z,price_change,0.45999999999999996,SELL,-35,0.43,0.43
2026-01-03T23:33:15.616284Z,price_change,0.45999999999999996,SELL,-63,0.43,0.43
2026-01-03T23:33:17.268381Z,price_change,0.45999999999999996,SELL,1359,0.43,0.43
2026-01-03T23:33:17.342547Z,price_change,0.45999999999999996,SELL,703,0.43,0.43
2026-01-03T23:33:17.343637Z,price_change,0.45999999999999996,SELL,2125,0.43,0.43
2026-01-03T23:33:18.140676Z,price_change,0.45999999999999996,SELL,-2125,0.43,0.43
2026-01-03T23:33:18.351573Z,price_change,0.45999999999999996,SELL,2125,0.43,0.43
2026-01-03T23:33:18.480089Z,price_change,0.45999999999999996,SELL,2450,0.43,0.43
2026-01-03T23:33:18.769991Z,price_change,0.44999999999999996,SELL,5,0.43,0.43
2026-01-03T23:33:21.590607Z,price_change,0.43,BUY,-491,0.43,0.43
2026-01-03T23:33:21.591839Z,price_change,0.41,BUY,11354,0.43,0.43
2026-01-03T23:33:21.632524Z,price_change,0.42,BUY,-588,0.43,0.43
2026-01-03T23:33:21.732071Z,price_change,0.44999999999999996,SELL,75,0.43,0.43
2026-01-03T23:33:21.754564Z,price_change,0.44999999999999996,SELL,-37,0.43,0.43
2026-01-03T23:33:21.810509Z,price_change,0.43999999999999995,SELL,37,0.43,0.43
2026-01-03T23:33:21.850359Z,price_change,0.44999999999999996,SELL,1381,0.43,0.43
2026-01-03T23:33:27.488569Z,price_change,0.44999999999999996,SELL,-5,0.43,0.43
2026-01-03T23:33:28.368761Z,price_change,0.42,BUY,-2,0.43,0.43
2026-01-03T23:33:28.642635Z,price_change,0.43999999999999995,SELL,-10,0.43,0.43
2026-01-03T23:33:28.766806Z,price_change,0.43999999999999995,SELL,10,0.43,0.43
2026-01-03T23:33:29.740688Z,price_change,0.45999999999999996,SELL,-2037,0.43,0.43
2026-01-03T23:33:29.869591Z,price_change,0.43999999999999995,SELL,1964,0.43,0.43
2026-01-03T23:33:30.005003Z,price_change,0.44999999999999996,SELL,1314,0.43,0.43
2026-01-03T23:33:30.125924Z,price_change,0.42,BUY,-40,0.43,0.43
2026-01-03T23:33:30.276167Z,price_change,0.45999999999999996,SELL,-2450,0.43,0.43
2026-01-03T23:33:30.405495Z,price_change,0.45999999999999996,SELL,2429,0.43,0.43
2026-01-03T23:33:31.705999Z,price_change,0.42,BUY,75,0.43,0.43
2026-01-03T23:33:32.40485Z,price_change,0.43,BUY,-50,0.42,0.43
2026-01-03T23:33:32.45243Z,price_change,0.43999999999999995,SELL,50,0.42,0.43
2026-01-03T23:33:33.130469Z,price_change,0.39,BUY,2000,0.42,0.43
2026-01-03T23:33:34.789865Z,price_change,0.44999999999999996,SELL,1142,0.42,0.43
2026-01-03T23:33:35.043417Z,price_change,0.42,BUY,-37,0.42,0.43
2026-01-03T23:33:35.158109Z,price_change,0.45999999999999996,SELL,-2125,0.42,0.43
2026-01-03T23:33:35.15926Z,price_change,0.45999999999999996,SELL,-19,0.42,0.43
2026-01-03T23:33:35.243005Z,price_change,0.45999999999999996,SELL,-2429,0.42,0.43
2026-01-03T23:33:35.336829Z,price_change,0.45999999999999996,SELL,2125,0.42,0.43
2026-01-03T23:33:35.37341Z,price_change,0.45999999999999996,SELL,2429,0.42,0.43
2026-01-03T23:33:36.589708Z,price_change,0.44999999999999996,SELL,5,0.42,0.43
2026-01-03T23:33:41.207103Z,price_change,0.45999999999999996,SELL,-2125,0.42,0.43
2026-01-03T23:33:41.385014Z,price_change,0.45999999999999996,SELL,-2429,0.42,0.43
2026-01-03T23:33:41.403Z,price_change,0.45999999999999996,SELL,2125,0.42,0.43
2026-01-03T23:33:41.518818Z,price_change,0.45999999999999996,SELL,2429,0.42,0.43
2026-01-03T23:33:41.986962Z,price_change,0.43000000000000005,SELL,30000,0.42,0.43
2026-01-03T23:33:42.136004Z,price_change,0.44999999999999996,SELL,743,0.42,0.43
2026-01-03T23:33:42.226503Z,price_change,0.45999999999999996,SELL,-1281,0.42,0.43
2026-01-03T23:33:42.259108Z,price_change,0.45999999999999996,SELL,1206,0.42,0.43
2026-01-03T23:33:42.260791Z,price_change,0.44999999999999996,SELL,1157,0.42,0.43
2026-01-03T23:33:42.315285Z,price_change,0.43999999999999995,SELL,1500,0.42,0.43
2026-01-03T23:33:42.315345Z,price_change,0.44999999999999996,SELL,1618,0.42,0.43
2026-01-03T23:33:42.354748Z,price_change,0.45999999999999996,SELL,2373,0.42,0.43
2026-01-03T23:33:42.391823Z,price_change,0.45999999999999996,SELL,1699,0.42,0.43
2026-01-03T23:33:42.391835Z,price_change,0.44999999999999996,SELL,972,0.42,0.43
2026-01-03T23:33:42.393005Z,price_change,0.45999999999999996,SELL,972,0.42,0.43
2026-01-03T23:33:42.455947Z,price_change,0.45999999999999996,SELL,100,0.42,0.43
2026-01-03T23:33:42.456901Z,price_change,0.41,BUY,75,0.42,0.43
2026-01-03T23:33:42.458257Z,price_change,0.45999999999999996,SELL,-1478,0.42,0.43
2026-01-03T23:33:42.460379Z,price_change,0.39,BUY,1690,0.42,0.43
2026-01-03T23:33:42.468778Z,price_change,0.4,BUY,1478,0.42,0.43
2026-01-03T23:33:42.572825Z,price_change,0.47,SELL,-2000,0.42,0.43
2026-01-03T23:33:42.599737Z,price_change,0.44999999999999996,SELL,1818,0.42,0.43
2026-01-03T23:33:42.600683Z,price_change,0.45999999999999996,SELL,4411,0.42,0.43
2026-01-03T23:33:42.845161Z,price_change,0.39,BUY,333,0.42,0.43
2026-01-03T23:33:42.862097Z,price_change,0.43000000000000005,SELL,2329,0.42,0.43
2026-01-03T23:33:43.043981Z,price_change,0.38,BUY,310,0.42,0.43
2026-01-03T23:33:43.054388Z,price_change,0.43000000000000005,SELL,338,0.42,0.43
2026-01-03T23:33:43.091089Z,price_change,0.43999999999999995,SELL,297,0.42,0.43
2026-01-03T23:33:43.178096Z,price_change,0.45999999999999996,SELL,-1699,0.42,0.43
2026-01-03T23:33:43.1793Z,price_change,0.45999999999999996,SELL,-1035,0.42,0.43
2026-01-03T23:33:43.238778Z,price_change,0.43999999999999995,SELL,5000,0.42,0.43
2026-01-03T23:33:43.257663Z,price_change,0.41,BUY,1996,0.42,0.43
2026-01-03T23:33:43.278731Z,price_change,0.4,BUY,5000,0.42,0.43
2026-01-03T23:33:43.286521Z,price_change,0.43999999999999995,SELL,100,0.42,0.43
2026-01-03T23:33:43.288397Z,price_change,0.4,BUY,100,0.42,0.43
2026-01-03T23:33:43.292283Z,price_change,0.45999999999999996,SELL,-2450,0.42,0.43
2026-01-03T23:33:43.364626Z,price_change,0.45999999999999996,SELL,2486,0.42,0.43
2026-01-03T23:33:43.428505Z,price_change,0.4,BUY,370,0.42,0.43
2026-01-03T23:33:43.465759Z,price_change,0.45999999999999996,SELL,2914,0.42,0.43
2026-01-03T23:33:43.6181Z,price_change,0.45999999999999996,SELL,1191,0.42,0.43
2026-01-03T23:33:44.167559Z,price_change,0.45999999999999996,SELL,207,0.42,0.43
2026-01-03T23:33:44.475959Z,price_change,0.44999999999999996,SELL,-5,0.42,0.43
2026-01-03T23:33:44.475959Z,price_change,0.43999999999999995,SELL,5,0.42,0.43
2026-01-03T23:33:44.808925Z,price_change,0.45999999999999996,SELL,-100,0.42,0.43
2026-01-03T23:33:45.266032Z,price_change,0.45999999999999996,SELL,157,0.42,0.43
2026-01-03T23:33:46.311001Z,price_change,0.45999999999999996,SELL,1795,0.42,0.43
2026-01-03T23:33:46.443428Z,price_change,0.44999999999999996,SELL,698,0.42,0.43
2026-01-03T23:33:46.44459Z,price_change,0.4,BUY,698,0.42,0.43
2026-01-03T23:33:46.511845Z,price_change,0.45999999999999996,SELL,468,0.42,0.43
2026-01-03T23:33:46.742562Z,price_change,0.41,BUY,39,0.42,0.43
2026-01-03T23:33:46.744081Z,price_change,0.4,BUY,25,0.42,0.43
2026-01-03T23:33:46.748939Z,price_change,0.43999999999999995,SELL,721,0.42,0.43
2026-01-03T23:33:46.750922Z,price_change,0.44999999999999996,SELL,463,0.42,0.43
2026-01-03T23:33:46.79671Z,price_change,0.45999999999999996,SELL,723,0.42,0.43
2026-01-03T23:33:46.916423Z,price_change,0.43000000000000005,SELL,-2329,0.42,0.43
2026-01-03T23:33:46.930872Z,price_change,0.41,BUY,74149,0.42,0.43
2026-01-03T23:33:46.933906Z,price_change,0.44999999999999996,SELL,300000,0.42,0.43
2026-01-03T23:33:47.296491Z,price_change,0.43999999999999995,SELL,2309,0.42,0.43
2026-01-03T23:33:47.31211Z,price_change,0.45999999999999996,SELL,321,0.42,0.43
2026-01-03T23:33:47.798295Z,price_change,0.43999999999999995,SELL,-100,0.42,0.43
2026-01-03T23:33:47.850775Z,price_change,0.4,BUY,-100,0.42,0.43
2026-01-03T23:33:47.981973Z,price_change,0.41,BUY,100,0.42,0.43
2026-01-03T23:33:47.984645Z,price_change,0.44999999999999996,SELL,100,0.42,0.43
2026-01-03T23:33:48.231049Z,price_change,0.44999999999999996,SELL,598,0.42,0.43
2026-01-03T23:33:48.289428Z,price_change,0.45999999999999996,SELL,-196,0.42,0.43
2026-01-03T23:33:49.369038Z,price_change,0.43999999999999995,SELL,-5,0.42,0.43
2026-01-03T23:33:50.593206Z,price_change,0.44999999999999996,SELL,980,0.42,0.43
2026-01-03T23:33:51.202483Z,price_change,0.38,BUY,677,0.42,0.43
2026-01-03T23:33:51.203494Z,price_change,0.48,SELL,662,0.42,0.43
2026-01-03T23:33:51.204603Z,price_change,0.37,BUY,232,0.42,0.43
2026-01-03T23:33:51.209172Z,price_change,0.49,SELL,225,0.42,0.43
2026-01-03T23:33:51.880156Z,price_change,0.44999999999999996,SELL,1403,0.42,0.43
2026-01-03T23:33:52.016834Z,price_change,0.44999999999999996,SELL,-51,0.42,0.43
2026-01-03T23:33:52.068452Z,price_change,0.45999999999999996,SELL,51,0.42,0.43
2026-01-03T23:33:52.523235Z,price_change,0.4,BUY,100,0.42,0.43
2026-01-03T23:33:57.760082Z,price_change,0.45999999999999996,SELL,-125,0.42,0.43
2026-01-03T23:33:57.761664Z,price_change,0.45999999999999996,SELL,-51,0.42,0.43
2026-01-03T23:33:57.864413Z,price_change,0.45999999999999996,SELL,-144,0.42,0.43
2026-01-03T23:33:58.459934Z,price_change,0.45999999999999996,SELL,72,0.42,0.43
2026-01-03T23:34:01.799565Z,price_change,0.44999999999999996,SELL,1142,0.42,0.43
2026-01-03T23:34:02.148142Z,price_change,0.45999999999999996,SELL,-94,0.42,0.43
2026-01-03T23:34:02.191397Z,price_change,0.45999999999999996,SELL,-579,0.42,0.43
2026-01-03T23:34:02.192339Z,price_change,0.45999999999999996,SELL,-468,0.42,0.43
2026-01-03T23:34:02.193272Z,price_change,0.45999999999999996,SELL,-72,0.42,0.43
2026-01-03T23:34:02.332685Z,price_change,0.43999999999999995,SELL,704,0.42,0.43
2026-01-03T23:34:02.713454Z,price_change,0.44999999999999996,SELL,-698,0.42,0.43
2026-01-03T23:34:02.782367Z,price_change,0.45999999999999996,SELL,2913,0.42,0.43
2026-01-03T23:34:02.834445Z,price_change,0.42,BUY,-684,0.42,0.43
2026-01-03T23:34:02.835267Z,price_change,0.42,BUY,-594,0.42,0.43
2026-01-03T23:34:02.836491Z,price_change,0.42,BUY,-1237,0.42,0.43
2026-01-03T23:34:02.8377Z,price_change,0.42,BUY,-413,0.42,0.43
2026-01-03T23:34:02.838822Z,price_change,0.42,BUY,-533,0.42,0.43
2026-01-03T23:34:02.839706Z,price_change,0.42,BUY,-735,0.42,0.43
2026-01-03T23:34:02.84097Z,price_change,0.42,BUY,-385,0.42,0.43
2026-01-03T23:34:02.8423Z,price_change,0.42,BUY,-100,0.42,0.43
2026-01-03T23:34:02.843486Z,price_change,0.44999999999999996,SELL,5168,0.42,0.43
2026-01-03T23:34:02.844004Z,price_change,0.45999999999999996,SELL,3920,0.42,0.43
2026-01-03T23:34:02.890528Z,price_change,0.44999999999999996,SELL,-4294,0.42,0.43
2026-01-03T23:34:02.891602Z,price_change,0.44999999999999996,SELL,4634,0.42,0.43
2026-01-03T23:34:02.984942Z,price_change,0.44999999999999996,SELL,3920,0.42,0.43
2026-01-03T23:34:03.006716Z,price_change,0.43000000000000005,SELL,2111,0.42,0.43
2026-01-03T23:34:03.092112Z,price_change,0.42,BUY,-281,0.42,0.43
2026-01-03T23:34:03.179217Z,price_change,0.39,BUY,701,0.42,0.43
2026-01-03T23:34:03.189935Z,price_change,0.42,BUY,-3200,0.42,0.43
2026-01-03T23:34:03.192197Z,price_change,0.44999999999999996,SELL,392,0.42,0.43
2026-01-03T23:34:03.207724Z,price_change,0.4,BUY,10131,0.42,0.43
2026-01-03T23:34:03.310297Z,price_change,0.41,BUY,-2000,0.42,0.43
2026-01-03T23:34:03.339068Z,price_change,0.45999999999999996,SELL,-2125,0.42,0.43
2026-01-03T23:34:03.342882Z,price_change,0.4,BUY,-698,0.42,0.43
2026-01-03T23:34:03.366315Z,price_change,0.42,BUY,-75,0.42,0.43
2026-01-03T23:34:03.384942Z,price_change,0.41,BUY,-39,0.42,0.43
2026-01-03T23:34:03.385867Z,price_change,0.4,BUY,-25,0.42,0.43
2026-01-03T23:34:03.38679Z,price_change,0.44999999999999996,SELL,-463,0.42,0.43
2026-01-03T23:34:03.394301Z,price_change,0.4,BUY,-1047,0.42,0.43
2026-01-03T23:34:03.407065Z,price_change,0.43999999999999995,SELL,-264,0.42,0.43
2026-01-03T23:34:03.412504Z,price_change,0.43000000000000005,SELL,-2111,0.42,0.43
2026-01-03T23:34:03.430995Z,price_change,0.39,BUY,47,0.42,0.43
2026-01-03T23:34:03.432368Z,price_change,0.38,BUY,26,0.42,0.43
2026-01-03T23:34:03.433898Z,price_change,0.43000000000000005,SELL,1074,0.42,0.43
2026-01-03T23:34:03.450981Z,price_change,0.41,BUY,-74149,0.42,0.43
2026-01-03T23:34:03.451845Z,price_change,0.44999999999999996,SELL,-300000,0.42,0.43
2026-01-03T23:34:03.486063Z,price_change,0.45999999999999996,SELL,-2450,0.42,0.43
2026-01-03T23:34:03.521788Z,price_change,0.45999999999999996,SELL,2210,0.42,0.43
2026-01-03T23:34:03.538395Z,price_change,0.42,BUY,-449,0.42,0.43
2026-01-03T23:34:03.59005Z,price_change,0.41,BUY,-75,0.42,0.43
2026-01-03T23:34:03.603883Z,price_change,0.39,BUY,74149,0.42,0.43
2026-01-03T23:34:03.606927Z,price_change,0.43000000000000005,SELL,300000,0.42,0.43
2026-01-03T23:34:03.643623Z,price_change,0.45999999999999996,SELL,98,0.42,0.43
2026-01-03T23:34:03.677276Z,price_change,0.41,BUY,5000,0.42,0.43
2026-01-03T23:34:03.695077Z,price_change,0.4,BUY,-100,0.42,0.43
2026-01-03T23:34:03.70584Z,price_change,0.44999999999999996,SELL,-206,0.42,0.43
2026-01-03T23:34:03.738744Z,price_change,0.39,BUY,-701,0.42,0.43
2026-01-03T23:34:03.745761Z,price_change,0.44999999999999996,SELL,-392,0.42,0.43
2026-01-03T23:34:03.79666Z,price_change,0.43999999999999995,SELL,-37,0.42,0.43
2026-01-03T23:34:03.84024Z,price_change,0.45999999999999996,SELL,-2210,0.42,0.43
2026-01-03T23:34:03.841245Z,price_change,0.45999999999999996,SELL,-788,0.42,0.43
2026-01-03T23:34:03.842265Z,price_change,0.45999999999999996,SELL,-1795,0.42,0.43
2026-01-03T23:34:03.843102Z,price_change,0.45999999999999996,SELL,-2486,0.42,0.43
2026-01-03T23:34:03.844493Z,price_change,0.45999999999999996,SELL,-1206,0.42,0.43
2026-01-03T23:34:03.845443Z,price_change,0.45999999999999996,SELL,-1338,0.42,0.43
2026-01-03T23:34:03.846539Z,price_change,0.45999999999999996,SELL,-844,0.42,0.43
2026-01-03T23:34:03.847586Z,price_change,0.45999999999999996,SELL,-1340,0.42,0.43
2026-01-03T23:34:03.848733Z,price_change,0.45999999999999996,SELL,-232,0.42,0.43
2026-01-03T23:34:03.849816Z,price_change,0.45999999999999996,SELL,-7257,0.42,0.43
2026-01-03T23:34:03.850743Z,price_change,0.44999999999999996,SELL,-519,0.42,0.43
2026-01-03T23:34:03.901384Z,price_change,0.43000000000000005,SELL,37,0.42,0.43
2026-01-03T23:34:03.908395Z,price_change,0.45999999999999996,SELL,2450,0.42,0.43
2026-01-03T23:34:03.90925Z,price_change,0.43999999999999995,SELL,401,0.42,0.43
2026-01-03T23:34:03.961649Z,price_change,0.45999999999999996,SELL,-9190,0.42,0.43
2026-01-03T23:34:03.963139Z,price_change,0.45999999999999996,SELL,-33,0.42,0.43
2026-01-03T23:34:03.964739Z,price_change,0.45999999999999996,SELL,-30,0.42,0.43
2026-01-03T23:34:03.966168Z,price_change,0.45999999999999996,SELL,-141,0.42,0.43
2026-01-03T23:34:03.967804Z,price_change,0.45999999999999996,SELL,-105,0.42,0.43
2026-01-03T23:34:03.969339Z,price_change,0.45999999999999996,SELL,-703,0.42,0.43
2026-01-03T23:34:03.970682Z,price_change,0.45999999999999996,SELL,-951,0.42,0.43
2026-01-03T23:34:03.972125Z,price_change,0.45999999999999996,SELL,-972,0.42,0.43
2026-01-03T23:34:03.973625Z,price_change,0.45999999999999996,SELL,-1961,0.42,0.43
2026-01-03T23:34:03.975002Z,price_change,0.45999999999999996,SELL,-2914,0.42,0.43
2026-01-03T23:34:03.976494Z,price_change,0.45999999999999996,SELL,-1191,0.42,0.43
2026-01-03T23:34:03.97787Z,price_change,0.45999999999999996,SELL,-207,0.42,0.43
2026-01-03T23:34:03.979365Z,price_change,0.45999999999999996,SELL,-63,0.42,0.43
2026-01-03T23:34:03.980926Z,price_change,0.45999999999999996,SELL,-1470,0.42,0.43
2026-01-03T23:34:03.982623Z,price_change,0.45999999999999996,SELL,-98,0.42,0.43
2026-01-03T23:34:04.069483Z,price_change,0.42,BUY,40,0.42,0.43
2026-01-03T23:34:04.155649Z,price_change,0.45999999999999996,SELL,-2450,0.42,0.43
2026-01-03T23:34:04.227818Z,price_change,0.44999999999999996,SELL,-196,0.42,0.43
2026-01-03T23:34:04.23057Z,price_change,0.44999999999999996,SELL,-1238,0.42,0.43
2026-01-03T23:34:04.251946Z,price_change,0.44999999999999996,SELL,2000,0.42,0.43
2026-01-03T23:34:04.298824Z,price_change,0.43999999999999995,SELL,304,0.42,0.43
2026-01-03T23:34:04.537409Z,price_change,0.43999999999999995,SELL,196,0.42,0.43
2026-01-03T23:34:04.623122Z,price_change,0.43999999999999995,SELL,895,0.42,0.43
2026-01-03T23:34:04.678434Z,price_change,0.43999999999999995,SELL,-2309,0.42,0.43
2026-01-03T23:34:04.680966Z,price_change,0.44999999999999996,SELL,-1231,0.42,0.43
2026-01-03T23:34:04.772615Z,price_change,0.43999999999999995,SELL,986,0.42,0.43
2026-01-03T23:34:04.804383Z,price_change,0.44999999999999996,SELL,-2000,0.42,0.43
2026-01-03T23:34:04.905799Z,price_change,0.43999999999999995,SELL,750,0.42,0.43
2026-01-03T23:34:04.977803Z,price_change,0.39,BUY,-1690,0.42,0.43
2026-01-03T23:34:05.010173Z,price_change,0.45999999999999996,SELL,1690,0.42,0.43
2026-01-03T23:34:05.02457Z,price_change,0.43999999999999995,SELL,2259,0.42,0.43
2026-01-03T23:34:05.035433Z,price_change,0.43999999999999995,SELL,1237,0.42,0.43
2026-01-03T23:34:05.036952Z,price_change,0.41,BUY,2144,0.42,0.43
2026-01-03T23:34:05.087759Z,price_change,0.38,BUY,-26,0.42,0.43
2026-01-03T23:34:05.107343Z,price_change,0.39,BUY,-22,0.42,0.43
2026-01-03T23:34:05.11572Z,price_change,0.41,BUY,-1785,0.42,0.43
2026-01-03T23:34:05.123981Z,price_change,0.43000000000000005,SELL,-116,0.42,0.43
2026-01-03T23:34:05.130917Z,price_change,0.43000000000000005,SELL,1929,0.42,0.43
2026-01-03T23:34:05.138453Z,price_change,0.42,BUY,2061,0.42,0.43
2026-01-03T23:34:05.139754Z,price_change,0.4,BUY,27,0.42,0.43
2026-01-03T23:34:05.165462Z,price_change,0.39,BUY,-74149,0.42,0.43
2026-01-03T23:34:05.166673Z,price_change,0.43000000000000005,SELL,-300000,0.42,0.43
2026-01-03T23:34:05.211541Z,price_change,0.4,BUY,-370,0.42,0.43
2026-01-03T23:34:05.217526Z,price_change,0.43000000000000005,SELL,2379,0.42,0.43
2026-01-03T23:34:05.232295Z,price_change,0.42,BUY,-2061,0.42,0.43
2026-01-03T23:34:05.238468Z,price_change,0.18,BUY,-380,0.42,0.43
2026-01-03T23:34:05.241234Z,price_change,0.16,BUY,391,0.42,0.43
2026-01-03T23:34:05.304152Z,price_change,0.43999999999999995,SELL,2847,0.42,0.43
2026-01-03T23:34:05.317602Z,price_change,0.4,BUY,74149,0.42,0.43
2026-01-03T23:34:05.31982Z,price_change,0.43000000000000005,SELL,300000,0.42,0.43
2026-01-03T23:34:05.369165Z,price_change,0.43000000000000005,SELL,-37,0.42,0.43
2026-01-03T23:34:05.394699Z,price_change,0.42,BUY,-40,0.42,0.43
2026-01-03T23:34:05.423055Z,price_change,0.43999999999999995,SELL,37,0.42,0.43
2026-01-03T23:34:05.431922Z,price_change,0.4,BUY,-5000,0.42,0.43
2026-01-03T23:34:05.431922Z,price_change,0.39,BUY,5000,0.42,0.43
2026-01-03T23:34:05.493808Z,price_change,0.44999999999999996,SELL,-997,0.42,0.43
2026-01-03T23:34:05.508383Z,price_change,0.43999999999999995,SELL,-5000,0.42,0.43
2026-01-03T23:34:05.508383Z,price_change,0.43000000000000005,SELL,5000,0.42,0.43
2026-01-03T23:34:05.576619Z,price_change,0.43999999999999995,SELL,-37,0.42,0.43
2026-01-03T23:34:05.644331Z,price_change,0.44999999999999996,SELL,-1149,0.42,0.43
2026-01-03T23:34:05.724937Z,price_change,0.43000000000000005,SELL,37,0.42,0.43
2026-01-03T23:34:05.780087Z,price_change,0.41,BUY,-100,0.42,0.43
2026-01-03T23:34:05.780569Z,price_change,0.44999999999999996,SELL,-100,0.42,0.43
2026-01-03T23:34:05.810486Z,price_change,0.39,BUY,100,0.42,0.43
2026-01-03T23:34:05.811526Z,price_change,0.43000000000000005,SELL,100,0.42,0.43
2026-01-03T23:34:06.014456Z,price_change,0.44999999999999996,SELL,871,0.42,0.43
2026-01-03T23:34:06.063726Z,price_change,0.44999999999999996,SELL,-1601,0.42,0.43
2026-01-03T23:34:06.063726Z,price_change,0.43999999999999995,SELL,4655,0.42,0.43
2026-01-03T23:34:06.134342Z,price_change,0.44999999999999996,SELL,392,0.42,0.43
2026-01-03T23:34:06.435121Z,price_change,0.4,BUY,-1786,0.42,0.43
2026-01-03T23:34:06.56287Z,price_change,0.44999999999999996,SELL,204,0.42,0.43
2026-01-03T23:34:06.714847Z,price_change,0.43000000000000005,SELL,-2379,0.42,0.43
2026-01-03T23:34:06.918587Z,price_change,0.43000000000000005,SELL,2369,0.42,0.43
2026-01-03T23:34:07.148874Z,price_change,0.43999999999999995,SELL,-1288,0.42,0.43
2026-01-03T23:34:07.252486Z,price_change,0.43999999999999995,SELL,5,0.42,0.43
2026-01-03T23:34:07.505908Z,price_change,0.43999999999999995,SELL,67,0.42,0.43
2026-01-03T23:34:07.769951Z,price_change,0.43999999999999995,SELL,-67,0.42,0.43
2026-01-03T23:34:07.865528Z,price_change,0.43999999999999995,SELL,-334,0.42,0.43
2026-01-03T23:34:07.944035Z,price_change,0.44999999999999996,SELL,459,0.42,0.43
2026-01-03T23:34:08.079648Z,price_change,0.44999999999999996,SELL,-196,0.42,0.43
2026-01-03T23:34:08.222872Z,price_change,0.38,BUY,-677,0.42,0.43
2026-01-03T23:34:08.225212Z,price_change,0.48,SELL,-662,0.42,0.43
2026-01-03T23:34:08.226777Z,price_change,0.37,BUY,-232,0.42,0.43
2026-01-03T23:34:08.228217Z,price_change,0.49,SELL,-225,0.42,0.43
2026-01-03T23:34:09.955556Z,price_change,0.43999999999999995,SELL,1144,0.42,0.43
2026-01-03T23:34:10.336947Z,price_change,0.43999999999999995,SELL,980,0.42,0.43
2026-01-03T23:34:10.804646Z,price_change,0.39,BUY,9615,0.42,0.43
2026-01-03T23:34:10.846715Z,price_change,0.43999999999999995,SELL,6696,0.42,0.43
2026-01-03T23:34:10.888336Z,price_change,0.44999999999999996,SELL,46,0.42,0.43
2026-01-03T23:34:10.889181Z,price_change,0.43999999999999995,SELL,3342,0.42,0.43
2026-01-03T23:34:10.899684Z,price_change,0.43999999999999995,SELL,-24985,0.42,0.43
2026-01-03T23:34:10.955843Z,price_change,0.43000000000000005,SELL,24985,0.42,0.43
2026-01-03T23:34:11.017175Z,price_change,0.37,BUY,696,0.42,0.43
2026-01-03T23:34:11.018011Z,price_change,0.45999999999999996,SELL,638,0.42,0.43
2026-01-03T23:34:11.018795Z,price_change,0.35,BUY,245,0.42,0.43
2026-01-03T23:34:11.019836Z,price_change,0.47,SELL,216,0.42,0.43
2026-01-03T23:34:11.023998Z,price_change,0.43999999999999995,SELL,490,0.42,0.43
2026-01-03T23:34:11.025439Z,price_change,0.44999999999999996,SELL,5486,0.42,0.43
2026-01-03T23:34:11.197995Z,price_change,0.43999999999999995,SELL,5458,0.42,0.43
2026-01-03T23:34:11.204639Z,price_change,0.44999999999999996,SELL,4679,0.42,0.43
2026-01-03T23:34:11.316554Z,price_change,0.43999999999999995,SELL,666,0.42,0.43
2026-01-03T23:34:11.828286Z,price_change,0.39,BUY,700,0.42,0.43
2026-01-03T23:34:12.154934Z,price_change,0.43999999999999995,SELL,-992,0.42,0.43
2026-01-03T23:34:12.258447Z,price_change,0.43999999999999995,SELL,-666,0.42,0.43
2026-01-03T23:34:12.306972Z,price_change,0.43999999999999995,SELL,-478,0.42,0.43
2026-01-03T23:34:12.458234Z,price_change,0.44999999999999996,SELL,-3440,0.42,0.43
2026-01-03T23:34:12.459552Z,price_change,0.43999999999999995,SELL,-1759,0.42,0.43
2026-01-03T23:34:12.466304Z,price_change,0.44999999999999996,SELL,3400,0.42,0.43
2026-01-03T23:34:12.478862Z,price_change,0.44999999999999996,SELL,-1239,0.42,0.43
2026-01-03T23:34:12.479982Z,price_change,0.44999999999999996,SELL,-871,0.42,0.43
2026-01-03T23:34:12.481391Z,price_change,0.44999999999999996,SELL,-1290,0.42,0.43
2026-01-03T23:34:12.524944Z,price_change,0.44999999999999996,SELL,-39,0.42,0.43
2026-01-03T23:34:12.571375Z,price_change,0.43999999999999995,SELL,-958,0.42,0.43
2026-01-03T23:34:12.621028Z,price_change,0.43999999999999995,SELL,-12,0.42,0.43
2026-01-03T23:34:12.621034Z,price_change,0.43000000000000005,SELL,-1111,0.42,0.43
2026-01-03T23:34:13.155567Z,price_change,0.44999999999999996,SELL,-3920,0.42,0.43
2026-01-03T23:34:13.200624Z,price_change,0.43000000000000005,SELL,-460,0.42,0.43
2026-01-03T23:34:13.21481Z,price_change,0.4,BUY,24,0.42,0.43
2026-01-03T23:34:13.229933Z,price_change,0.4,BUY,-74149,0.42,0.43
2026-01-03T23:34:13.231273Z,price_change,0.43000000000000005,SELL,-300000,0.42,0.43
2026-01-03T23:34:13.370486Z,price_change,0.43000000000000005,SELL,-2369,0.42,0.43
2026-01-03T23:34:13.427592Z,price_change,0.4,BUY,74149,0.42,0.43
2026-01-03T23:34:13.429207Z,price_change,0.43999999999999995,SELL,-1613,0.42,0.43
2026-01-03T23:34:13.431411Z,price_change,0.43999999999999995,SELL,-51,0.42,0.43
2026-01-03T23:34:13.431793Z,price_change,0.43999999999999995,SELL,300000,0.42,0.43
2026-01-03T23:34:13.484035Z,price_change,0.43000000000000005,SELL,-37,0.42,0.43
2026-01-03T23:34:13.511106Z,price_change,0.43999999999999995,SELL,37,0.42,0.43
2026-01-03T23:34:13.591148Z,price_change,0.4,BUY,-74149,0.42,0.43
2026-01-03T23:34:13.592608Z,price_change,0.43999999999999995,SELL,-300000,0.42,0.43
2026-01-03T23:34:13.707503Z,price_change,0.43999999999999995,SELL,-2056,0.42,0.43
2026-01-03T23:34:13.799685Z,price_change,0.37,BUY,-696,0.42,0.43
2026-01-03T23:34:13.800576Z,price_change,0.45999999999999996,SELL,-638,0.42,0.43
2026-01-03T23:34:13.801567Z,price_change,0.35,BUY,-245,0.42,0.43
2026-01-03T23:34:13.802356Z,price_change,0.47,SELL,-216,0.42,0.43
2026-01-03T23:34:13.81223Z,price_change,0.44999999999999996,SELL,-1128,0.42,0.43
2026-01-03T23:34:13.837708Z,price_change,0.38,BUY,677,0.42,0.43
2026-01-03T23:34:13.839607Z,price_change,0.47,SELL,650,0.42,0.43
2026-01-03T23:34:13.841282Z,price_change,0.36,BUY,238,0.42,0.43
2026-01-03T23:34:13.84273Z,price_change,0.48,SELL,220,0.42,0.43
2026-01-03T23:34:13.894445Z,price_change,0.44999999999999996,SELL,-387,0.42,0.43
2026-01-03T23:34:13.913828Z,price_change,0.43999999999999995,SELL,2319,0.42,0.43
2026-01-03T23:34:13.959394Z,price_change,0.43999999999999995,SELL,75,0.42,0.43
2026-01-03T23:34:13.998776Z,price_change,0.41,BUY,1190,0.42,0.43
2026-01-03T23:34:14.080818Z,price_change,0.42,BUY,1911,0.42,0.43
2026-01-03T23:34:14.088903Z,price_change,0.43999999999999995,SELL,-1500,0.42,0.43
2026-01-03T23:34:14.091842Z,price_change,0.44999999999999996,SELL,-2272,0.42,0.43
2026-01-03T23:34:14.093062Z,price_change,0.44999999999999996,SELL,-67,0.42,0.43
2026-01-03T23:34:14.095863Z,price_change,0.44999999999999996,SELL,-988,0.42,0.43
2026-01-03T23:34:14.104163Z,price_change,0.44999999999999996,SELL,700,0.42,0.43
2026-01-03T23:34:14.107973Z,price_change,0.43999999999999995,SELL,-704,0.42,0.43
2026-01-03T23:34:14.126471Z,price_change,0.4,BUY,373,0.42,0.43
2026-01-03T23:34:14.145981Z,price_change,0.44999999999999996,SELL,-152,0.42,0.43
2026-01-03T23:34:14.147083Z,price_change,0.44999999999999996,SELL,-263,0.42,0.43
2026-01-03T23:34:14.147966Z,price_change,0.44999999999999996,SELL,-204,0.42,0.43
2026-01-03T23:34:14.148977Z,price_change,0.44999999999999996,SELL,-392,0.42,0.43
2026-01-03T23:34:14.149719Z,price_change,0.44999999999999996,SELL,-46,0.42,0.43
2026-01-03T23:34:14.184999Z,price_change,0.43000000000000005,SELL,-10,0.42,0.43
2026-01-03T23:34:14.240076Z,price_change,0.44999999999999996,SELL,-455,0.42,0.43
2026-01-03T23:34:14.297847Z,price_change,0.41,BUY,74149,0.42,0.43
2026-01-03T23:34:14.299176Z,price_change,0.43999999999999995,SELL,300000,0.42,0.43
2026-01-03T23:34:14.357162Z,price_change,0.43000000000000005,SELL,-1929,0.42,0.43
2026-01-03T23:34:14.673375Z,price_change,0.44999999999999996,SELL,2000,0.42,0.43
2026-01-03T23:34:14.981468Z,price_change,0.41,BUY,-1190,0.42,0.43
2026-01-03T23:34:14.982819Z,price_change,0.41,BUY,-195,0.42,0.43
2026-01-03T23:34:15.004216Z,price_change,0.4,BUY,1824,0.42,0.43
2026-01-03T23:34:15.153447Z,price_change,0.43000000000000005,SELL,-5000,0.42,0.43
2026-01-03T23:34:15.153447Z,price_change,0.43999999999999995,SELL,5000,0.42,0.43
2026-01-03T23:34:15.306415Z,price_change,0.39,BUY,-5000,0.42,0.43
2026-01-03T23:34:15.306415Z,price_change,0.4,BUY,5000,0.42,0.43
2026-01-03T23:34:15.345579Z,price_change,0.43999999999999995,SELL,329,0.42,0.43
2026-01-03T23:34:15.414264Z,price_change,0.4,BUY,1360,0.42,0.43
2026-01-03T23:34:15.586021Z,price_change,0.39,BUY,-100,0.42,0.43
2026-01-03T23:34:15.586933Z,price_change,0.43000000000000005,SELL,-100,0.42,0.43
2026-01-03T23:34:15.637595Z,price_change,0.4,BUY,100,0.42,0.43
2026-01-03T23:34:15.638804Z,price_change,0.43999999999999995,SELL,100,0.42,0.43
2026-01-03T23:34:16.443857Z,price_change,0.44999999999999996,SELL,-700,0.42,0.43
2026-01-03T23:34:16.614742Z,price_change,0.39,BUY,-700,0.42,0.43
2026-01-03T23:34:16.760001Z,price_change,0.44999999999999996,SELL,-329,0.42,0.43
2026-01-03T23:34:16.78996Z,price_change,0.44999999999999996,SELL,1528,0.42,0.43
2026-01-03T23:34:16.915752Z,price_change,0.44999999999999996,SELL,980,0.42,0.43
2026-01-03T23:34:17.104197Z,price_change,0.44999999999999996,SELL,17000,0.42,0.43
2026-01-03T23:34:17.142004Z,price_change,0.44999999999999996,SELL,19600,0.42,0.43
2026-01-03T23:34:17.620602Z,price_change,0.43999999999999995,SELL,719,0.42,0.43
2026-01-03T23:34:17.665607Z,price_change,0.44999999999999996,SELL,-459,0.42,0.43
2026-01-03T23:34:18.537426Z,price_change,0.44999999999999996,SELL,51,0.42,0.43
2026-01-03T23:34:18.702349Z,price_change,0.44999999999999996,SELL,1139,0.42,0.43
2026-01-03T23:34:19.142651Z,price_change,0.4,BUY,-1075,0.42,0.43
2026-01-03T23:34:19.18474Z,price_change,0.39,BUY,-25,0.42,0.43
2026-01-03T23:34:19.186029Z,price_change,0.43000000000000005,SELL,-498,0.42,0.43
2026-01-03T23:34:19.206657Z,price_change,0.4,BUY,-1,0.42,0.43
2026-01-03T23:34:19.224684Z,price_change,0.41,BUY,29,0.42,0.43
2026-01-03T23:34:19.225944Z,price_change,0.43999999999999995,SELL,441,0.42,0.43
2026-01-03T23:34:19.227331Z,price_change,0.44999999999999996,SELL,459,0.42,0.43
2026-01-03T23:34:19.433199Z,price_change,0.44999999999999996,SELL,-1139,0.42,0.43
2026-01-03T23:34:19.874807Z,price_change,0.4,BUY,700,0.42,0.43
2026-01-03T23:34:20.113949Z,price_change,0.43999999999999995,SELL,-2319,0.42,0.43
2026-01-03T23:34:20.340819Z,price_change,0.43999999999999995,SELL,-5,0.42,0.43
2026-01-03T23:34:20.521123Z,price_change,0.44999999999999996,SELL,19600,0.42,0.43
2026-01-03T23:34:20.669924Z,price_change,0.43999999999999995,SELL,2309,0.42,0.43
2026-01-03T23:34:21.242397Z,price_change,0.43999999999999995,SELL,-100,0.42,0.43
2026-01-03T23:34:21.245896Z,price_change,0.4,BUY,-100,0.42,0.43
2026-01-03T23:34:21.276664Z,price_change,0.43000000000000005,SELL,40,0.42,0.43
2026-01-03T23:34:21.607017Z,price_change,0.43000000000000005,SELL,-40,0.42,0.43
2026-01-03T23:34:21.608118Z,price_change,0.4,BUY,100,0.42,0.43
2026-01-03T23:34:21.637031Z,price_change,0.43999999999999995,SELL,100,0.42,0.43
2026-01-03T23:34:21.837902Z,price_change,0.44999999999999996,SELL,16492,0.42,0.43
2026-01-03T23:34:21.964218Z,price_change,0.44999999999999996,SELL,-178,0.42,0.43
2026-01-03T23:34:22.138441Z,price_change,0.44999999999999996,SELL,699,0.42,0.43
2026-01-03T23:34:22.142595Z,price_change,0.41,BUY,-29,0.42,0.43
2026-01-03T23:34:22.144179Z,price_change,0.44999999999999996,SELL,-459,0.42,0.43
2026-01-03T23:34:22.171913Z,price_change,0.43999999999999995,SELL,-427,0.42,0.43
2026-01-03T23:34:22.192845Z,price_change,0.39,BUY,26,0.42,0.43
2026-01-03T23:34:22.194507Z,price_change,0.43000000000000005,SELL,498,0.42,0.43
2026-01-03T23:34:22.313532Z,price_change,0.43999999999999995,SELL,178,0.42,0.43
2026-01-03T23:34:24.011645Z,price_change,0.42,BUY,-1911,0.42,0.43
2026-01-03T23:34:24.034411Z,price_change,0.44999999999999996,SELL,3978,0.42,0.43
2026-01-03T23:34:24.095138Z,price_change,0.44999999999999996,SELL,1626,0.42,0.43
2026-01-03T23:34:24.160642Z,price_change,0.43999999999999995,SELL,1709,0.42,0.43
2026-01-03T23:34:24.234821Z,price_change,0.4,BUY,100,0.42,0.43
2026-01-03T23:34:24.391362Z,price_change,0.41,BUY,75,0.42,0.43
2026-01-03T23:34:24.990464Z,price_change,0.43999999999999995,SELL,5,0.42,0.43
2026-01-03T23:34:25.835491Z,price_change,0.39,BUY,-26,0.42,0.43
2026-01-03T23:34:25.837669Z,price_change,0.43000000000000005,SELL,-498,0.42,0.43
2026-01-03T23:34:25.87298Z,price_change,0.39,BUY,-125,0.42,0.43
2026-01-03T23:34:25.891653Z,price_change,0.4,BUY,-24,0.42,0.43
2026-01-03T23:34:25.914635Z,price_change,0.41,BUY,29,0.42,0.43
2026-01-03T23:34:25.916605Z,price_change,0.43999999999999995,SELL,427,0.42,0.43
2026-01-03T23:34:25.918123Z,price_change,0.44999999999999996,SELL,459,0.42,0.43
2026-01-03T23:34:26.664911Z,price_change,0.44999999999999996,SELL,1143,0.42,0.43
2026-01-03T23:34:27.133527Z,price_change,0.36,BUY,125,0.42,0.43
2026-01-03T23:34:27.138072Z,price_change,0.39,BUY,-9615,0.42,0.43
2026-01-03T23:34:27.155503Z,price_change,0.4,BUY,9375,0.42,0.43
2026-01-03T23:34:27.172846Z,price_change,0.43999999999999995,SELL,-1094,0.42,0.43
2026-01-03T23:34:27.173843Z,price_change,0.43999999999999995,SELL,-526,0.42,0.43
2026-01-03T23:34:27.240059Z,price_change,0.43999999999999995,SELL,-980,0.42,0.43
2026-01-03T23:34:27.241422Z,price_change,0.43999999999999995,SELL,-719,0.42,0.43
2026-01-03T23:34:27.242991Z,price_change,0.43999999999999995,SELL,-178,0.42,0.43
2026-01-03T23:34:27.244485Z,price_change,0.43999999999999995,SELL,-329,0.42,0.43
2026-01-03T23:34:27.245969Z,price_change,0.43999999999999995,SELL,-277,0.42,0.43
2026-01-03T23:34:27.2473Z,price_change,0.43999999999999995,SELL,-1144,0.42,0.43
2026-01-03T23:34:27.305775Z,price_change,0.43999999999999995,SELL,-206,0.42,0.43
2026-01-03T23:34:27.306525Z,price_change,0.43999999999999995,SELL,-711,0.42,0.43
2026-01-03T23:34:27.307627Z,price_change,0.43999999999999995,SELL,-169,0.42,0.43
2026-01-03T23:34:27.394436Z,price_change,0.42,BUY,-633,0.42,0.43
2026-01-03T23:34:27.394436Z,price_change,0.42,BUY,-367,0.42,0.43
2026-01-03T23:34:27.394436Z,price_change,0.43999999999999995,SELL,-814,0.42,0.43
2026-01-03T23:34:27.394436Z,price_change,0.44999999999999996,SELL,-1000,0.42,0.43
2026-01-03T23:34:27.394436Z,price_change,0.43999999999999995,SELL,-135,0.42,0.43
2026-01-03T23:34:27.394436Z,price_change,0.43999999999999995,SELL,-50,0.42,0.43
2026-01-03T23:34:27.480234Z,price_change,0.44999999999999996,SELL,-882,0.42,0.43
2026-01-03T23:34:27.672237Z,price_change,0.43999999999999995,SELL,-656,0.42,0.43
2026-01-03T23:34:27.778632Z,price_change,0.43999999999999995,SELL,-5,0.42,0.43
2026-01-03T23:34:27.814086Z,price_change,0.43999999999999995,SELL,64,0.42,0.43
2026-01-03T23:34:27.815002Z,price_change,0.44999999999999996,SELL,608,0.42,0.43
2026-01-03T23:34:28.382971Z,price_change,0.43999999999999995,SELL,-1648,0.42,0.43
2026-01-03T23:34:28.49833Z,price_change,0.4,BUY,-285,0.42,0.43
2026-01-03T23:34:28.499487Z,price_change,0.4,BUY,-1824,0.42,0.43
2026-01-03T23:34:28.500394Z,price_change,0.4,BUY,-601,0.42,0.43
2026-01-03T23:34:28.509351Z,price_change,0.44999999999999996,SELL,-3978,0.42,0.43
2026-01-03T23:34:28.51074Z,price_change,0.44999999999999996,SELL,-89,0.42,0.43
2026-01-03T23:34:28.514121Z,price_change,0.4,BUY,-1478,0.42,0.43
2026-01-03T23:34:28.521891Z,price_change,0.39,BUY,-333,0.42,0.43
2026-01-03T23:34:28.554519Z,price_change,0.44999999999999996,SELL,-608,0.42,0.43
2026-01-03T23:34:28.556061Z,price_change,0.44999999999999996,SELL,-261,0.42,0.43
2026-01-03T23:34:28.671121Z,price_change,0.44999999999999996,SELL,-1626,0.42,0.43
2026-01-03T23:34:28.679035Z,price_change,0.44999999999999996,SELL,-1618,0.42,0.43
2026-01-03T23:34:28.706955Z,price_change,0.41,BUY,-1996,0.42,0.43
2026-01-03T23:34:28.750763Z,price_change,0.44999999999999996,SELL,-699,0.42,0.43
2026-01-03T23:34:28.75391Z,price_change,0.4,BUY,-700,0.42,0.43
2026-01-03T23:34:28.766792Z,price_change,0.44999999999999996,SELL,-102,0.42,0.43
2026-01-03T23:34:28.768553Z,price_change,0.45999999999999996,SELL,-1690,0.42,0.43
2026-01-03T23:34:28.804343Z,price_change,0.43000000000000005,SELL,25,0.42,0.43
2026-01-03T23:34:28.841461Z,price_change,0.43999999999999995,SELL,-1709,0.42,0.43
2026-01-03T23:34:28.950041Z,price_change,0.38,BUY,-310,0.42,0.43
2026-01-03T23:34:28.95787Z,price_change,0.43000000000000005,SELL,-338,0.42,0.43
2026-01-03T23:34:29.004995Z,price_change,0.43999999999999995,SELL,-297,0.42,0.43
2026-01-03T23:34:29.098221Z,price_change,0.4,BUY,-373,0.42,0.43
2026-01-03T23:34:29.485593Z,price_change,0.4,BUY,-24,0.42,0.43
2026-01-03T23:34:29.486537Z,price_change,0.43999999999999995,SELL,-457,0.42,0.43
2026-01-03T23:34:29.487394Z,price_change,0.4,BUY,-2,0.42,0.43
2026-01-03T23:34:29.488526Z,price_change,0.43999999999999995,SELL,-14,0.42,0.43
2026-01-03T23:34:29.489449Z,price_change,0.41,BUY,-29,0.42,0.43
2026-01-03T23:34:29.490284Z,price_change,0.43999999999999995,SELL,-427,0.42,0.43
2026-01-03T23:34:29.491106Z,price_change,0.44999999999999996,SELL,-459,0.42,0.43
2026-01-03T23:34:29.519937Z,price_change,0.44999999999999996,SELL,-1058,0.42,0.43
2026-01-03T23:34:29.521362Z,price_change,0.41,BUY,-74149,0.42,0.43
2026-01-03T23:34:29.522164Z,price_change,0.43999999999999995,SELL,-300000,0.42,0.43
2026-01-03T23:34:29.79954Z,price_change,0.43999999999999995,SELL,-4,0.42,0.43
2026-01-03T23:34:30.565184Z,price_change,0.44999999999999996,SELL,-51,0.42,0.43
2026-01-03T23:34:30.659676Z,price_change,0.38,BUY,-677,0.42,0.43
2026-01-03T23:34:30.660708Z,price_change,0.47,SELL,-650,0.42,0.43
2026-01-03T23:34:30.661762Z,price_change,0.36,BUY,-238,0.42,0.43
2026-01-03T23:34:30.662559Z,price_change,0.48,SELL,-220,0.42,0.43
2026-01-03T23:34:30.711761Z,price_change,0.43999999999999995,SELL,-10,0.42,0.43
2026-01-03T23:34:30.832221Z,price_change,0.43000000000000005,SELL,10,0.42,0.43
