timestamp,event_type,price,side,size,best_bid,best_ask
,book,0.4000,BUY,3519,0.4000,0.42
,book,0.42,SELL,4956,0.4000,0.42
2026-01-08T02:13:20.52787Z,price_change,0.4200,SELL,-1,0.4,0.4200
2026-01-08T02:13:20.52787Z,price_change,0.4300,SELL,1,0.4,0.4200
2026-01-08T02:13:21.000054Z,price_change,0.39,BUY,-69000,0.4,0.4200
2026-01-08T02:13:21.199584Z,price_change,0.38,BUY,-233,0.4,0.4200
2026-01-08T02:13:21.407034Z,price_change,0.41,BUY,40,0.41,0.4200
2026-01-08T02:13:21.434317Z,price_change,0.4,BUY,-2500,0.41,0.4200
2026-01-08T02:13:21.463005Z,price_change,0.37,BUY,2500,0.41,0.4200
2026-01-08T02:13:21.466698Z,price_change,0.4200,SELL,-1000,0.41,0.4200
1767838401,last_trade_price,0.42,BUY,1000,0.41,0.4200
2026-01-08T02:13:21.556133Z,price_change,0.4,BUY,-47,0.41,0.4200
2026-01-08T02:13:21.66633Z,price_change,0.4900,SELL,-2000,0.41,0.4200
2026-01-08T02:13:21.668437Z,price_change,0.4400,SELL,-565,0.41,0.4200
2026-01-08T02:13:21.911501Z,price_change,0.38,BUY,-1732,0.41,0.4200
2026-01-08T02:13:22.00624Z,price_change,0.41,BUY,-12,0.41,0.4200
1767838402,last_trade_price,0.59,SELL,12,0.41,0.4200
2026-01-08T02:13:22.034552Z,price_change,0.5000,SELL,-2000,0.41,0.4200
,book,0.4400,BUY,281,0.4400,0.45
,book,0.45,SELL,448,0.4400,0.45
2026-01-08T02:14:12.896714Z,price_change,0.44,BUY,-81,0.44,0.4500
2026-01-08T02:14:12.896714Z,price_change,0.44,BUY,-109,0.44,0.4500
1767838452,last_trade_price,0.56,SELL,81,0.44,0.4500
1767838452,last_trade_price,0.56,SELL,109,0.44,0.4500
2026-01-08T02:14:12.907106Z,price_change,0.4500,SELL,-208,0.44,0.4500
1767838452,last_trade_price,0.45,BUY,208,0.44,0.4500
2026-01-08T02:14:12.94862Z,price_change,0.4600,SELL,-7500,0.44,0.4500
2026-01-08T02:14:12.967237Z,price_change,0.5000,SELL,-300,0.44,0.4500
2026-01-08T02:14:12.971712Z,price_change,0.4500,SELL,7500,0.44,0.4500
2026-01-08T02:14:13.013604Z,price_change,0.5000,SELL,300,0.44,0.4500
2026-01-08T02:14:13.016846Z,price_change,0.4600,SELL,-1,0.44,0.4500
2026-01-08T02:14:13.016846Z,price_change,0.4500,SELL,1,0.44,0.4500
2026-01-08T02:14:13.017049Z,price_change,0.44,BUY,125,0.44,0.4500
2026-01-08T02:14:13.131087Z,price_change,0.4500,SELL,-7500,0.44,0.4500
2026-01-08T02:14:13.222724Z,price_change,0.4500,SELL,-5,0.44,0.4500
1767838453,last_trade_price,0.45,BUY,5,0.44,0.4500
2026-01-08T02:14:13.225703Z,price_change,0.4,BUY,19,0.44,0.4500
2026-01-08T02:14:13.226331Z,price_change,0.4500,SELL,-96,0.44,0.4500
1767838453,last_trade_price,0.45,BUY,96,0.44,0.4500
2026-01-08T02:14:13.266592Z,price_change,0.42,BUY,-12,0.44,0.4500
2026-01-08T02:14:13.266592Z,price_change,0.44,BUY,12,0.44,0.4500
2026-01-08T02:14:13.297684Z,price_change,0.7100,SELL,-128,0.44,0.4500
2026-01-08T02:14:13.300422Z,price_change,0.6800,SELL,130,0.44,0.4500
2026-01-08T02:14:13.329235Z,price_change,0.4600,SELL,7500,0.44,0.4500
2026-01-08T02:14:13.411013Z,price_change,0.4500,SELL,-1,0.44,0.4500
2026-01-08T02:14:13.411013Z,price_change,0.4600,SELL,1,0.44,0.4500
2026-01-08T02:14:13.471077Z,price_change,0.4500,SELL,-10,0.44,0.4500
1767838453,last_trade_price,0.45,BUY,10,0.44,0.4500
2026-01-08T02:14:13.830772Z,price_change,0.4500,SELL,5000,0.44,0.4500
2026-01-08T02:14:14.020109Z,price_change,0.4500,SELL,-129,0.44,0.4500
2026-01-08T02:14:14.021547Z,price_change,0.4,BUY,-19,0.44,0.4500
2026-01-08T02:14:14.526105Z,price_change,0.4500,SELL,-531,0.44,0.4500
1767838454,last_trade_price,0.45,BUY,531,0.44,0.4500
2026-01-08T02:14:14.571349Z,price_change,0.4600,SELL,-1,0.44,0.4500
2026-01-08T02:14:14.571349Z,price_change,0.4500,SELL,1,0.44,0.4500
2026-01-08T02:14:14.610765Z,price_change,0.4500,SELL,-106,0.44,0.4500
1767838454,last_trade_price,0.45,BUY,106,0.44,0.4500
2026-01-08T02:14:15.144875Z,price_change,0.4500,SELL,-42,0.44,0.4500
1767838455,last_trade_price,0.45,BUY,42,0.44,0.4500
2026-01-08T02:14:15.691727Z,price_change,0.4500,SELL,-4321,0.44,0.4500
2026-01-08T02:14:16.031906Z,price_change,0.4500,SELL,-1,0.44,0.4600
2026-01-08T02:14:16.031906Z,price_change,0.4600,SELL,1,0.44,0.4600
2026-01-08T02:14:16.052987Z,price_change,0.5500,SELL,-3,0.44,0.4600
2026-01-08T02:14:16.853553Z,price_change,0.4500,SELL,24,0.44,0.4500
2026-01-08T02:14:16.855758Z,price_change,0.4500,SELL,-6,0.44,0.4500
1767838456,last_trade_price,0.45,BUY,6,0.44,0.4500
2026-01-08T02:14:17.534948Z,price_change,0.4500,SELL,-5,0.44,0.4500
1767838457,last_trade_price,0.45,BUY,5,0.44,0.4500
2026-01-08T02:14:17.591639Z,price_change,0.4500,SELL,5000,0.44,0.4500
2026-01-08T02:14:18.097964Z,price_change,0.4600,SELL,-1,0.44,0.4500
2026-01-08T02:14:18.097964Z,price_change,0.4500,SELL,1,0.44,0.4500
2026-01-08T02:14:18.105677Z,price_change,0.4500,SELL,-13,0.44,0.4500
2026-01-08T02:14:18.105677Z,price_change,0.4500,SELL,-91,0.44,0.4500
1767838458,last_trade_price,0.45,BUY,13,0.44,0.4500
1767838458,last_trade_price,0.45,BUY,91,0.44,0.4500
2026-01-08T02:14:18.541258Z,price_change,0.4500,SELL,-10,0.44,0.4500
1767838458,last_trade_price,0.45,BUY,10,0.44,0.4500
2026-01-08T02:14:18.739034Z,price_change,0.44,BUY,-65,0.44,0.4500
1767838458,last_trade_price,0.56,SELL,65,0.44,0.4500
2026-01-08T02:14:19.079949Z,price_change,0.4500,SELL,-666,0.44,0.4500
1767838459,last_trade_price,0.45,BUY,666,0.44,0.4500
2026-01-08T02:14:20.24208Z,price_change,0.4800,SELL,83,0.44,0.4500
2026-01-08T02:14:20.245505Z,price_change,0.44,BUY,66,0.44,0.4500
2026-01-08T02:14:20.262036Z,price_change,0.43,BUY,-150,0.44,0.4500
2026-01-08T02:14:20.263181Z,price_change,0.4800,SELL,-150,0.44,0.4500
2026-01-08T02:14:20.535886Z,price_change,0.4500,SELL,458,0.44,0.4500
2026-01-08T02:14:21.229447Z,price_change,0.41,BUY,89,0.44,0.4500
2026-01-08T02:14:22.513089Z,price_change,0.5900,SELL,691,0.44,0.4500
2026-01-08T02:14:22.516093Z,price_change,0.36,BUY,691,0.44,0.4500
2026-01-08T02:14:22.763863Z,price_change,0.4500,SELL,-106,0.44,0.4500
1767838462,last_trade_price,0.45,BUY,106,0.44,0.4500
2026-01-08T02:14:22.863269Z,price_change,0.4500,SELL,-2,0.44,0.4500
1767838462,last_trade_price,0.45,BUY,2,0.44,0.4500
2026-01-08T02:14:22.945806Z,price_change,0.4500,SELL,-42,0.44,0.4500
1767838462,last_trade_price,0.45,BUY,42,0.44,0.4500
2026-01-08T02:14:23.059491Z,price_change,0.4500,SELL,-106,0.44,0.4500
1767838463,last_trade_price,0.45,BUY,106,0.44,0.4500
2026-01-08T02:14:23.656732Z,price_change,0.4500,SELL,-106,0.44,0.4500
1767838463,last_trade_price,0.45,BUY,106,0.44,0.4500
2026-01-08T02:14:23.747544Z,price_change,0.4500,SELL,-402,0.44,0.4500
1767838463,last_trade_price,0.45,BUY,402,0.44,0.4500
2026-01-08T02:14:23.775885Z,price_change,0.35,BUY,-2000,0.44,0.4500
2026-01-08T02:14:23.776637Z,price_change,0.5000,SELL,-2000,0.44,0.4500
2026-01-08T02:14:23.777246Z,price_change,0.37,BUY,-690,0.44,0.4500
2026-01-08T02:14:23.777919Z,price_change,0.4800,SELL,-690,0.44,0.4500
2026-01-08T02:14:23.781925Z,price_change,0.5000,SELL,-50,0.44,0.4500
2026-01-08T02:14:23.787324Z,price_change,0.4900,SELL,-50,0.44,0.4500
2026-01-08T02:14:24.042598Z,price_change,0.44,BUY,-125,0.44,0.4500
2026-01-08T02:14:24.04353Z,price_change,0.5000,SELL,-300,0.44,0.4500
2026-01-08T02:14:24.093629Z,price_change,0.44,BUY,-26,0.44,0.4500
2026-01-08T02:14:24.097706Z,price_change,0.5000,SELL,-200,0.44,0.4500
2026-01-08T02:14:24.325905Z,price_change,0.4500,SELL,-458,0.44,0.4500
2026-01-08T02:14:24.519186Z,price_change,0.4600,SELL,-7500,0.44,0.4500
2026-01-08T02:14:24.536474Z,price_change,0.4500,SELL,7500,0.44,0.4500
2026-01-08T02:14:25.000072Z,price_change,0.36,BUY,-691,0.44,0.4500
2026-01-08T02:14:25.000072Z,price_change,0.5900,SELL,-691,0.44,0.4500
2026-01-08T02:14:25.836763Z,price_change,0.37,BUY,2000,0.44,0.4500
2026-01-08T02:14:25.838305Z,price_change,0.5200,SELL,2000,0.44,0.4500
2026-01-08T02:14:26.440589Z,price_change,0.4500,SELL,-10,0.44,0.4500
1767838466,last_trade_price,0.45,BUY,10,0.44,0.4500
2026-01-08T02:14:26.568723Z,price_change,0.44,BUY,-12,0.44,0.4500
2026-01-08T02:14:26.568723Z,price_change,0.44,BUY,-30,0.44,0.4500
1767838466,last_trade_price,0.56,SELL,12,0.44,0.4500
1767838466,last_trade_price,0.56,SELL,30,0.44,0.4500
2026-01-08T02:14:27.265464Z,price_change,0.44,BUY,30,0.44,0.4500
2026-01-08T02:14:27.306372Z,price_change,0.39,BUY,690,0.44,0.4500
2026-01-08T02:14:27.307454Z,price_change,0.5000,SELL,690,0.44,0.4500
2026-01-08T02:14:27.325753Z,price_change,0.4900,SELL,50,0.44,0.4500
2026-01-08T02:14:27.332492Z,price_change,0.5000,SELL,50,0.44,0.4500
2026-01-08T02:14:27.380589Z,price_change,0.44,BUY,200,0.44,0.4500
2026-01-08T02:14:27.382316Z,price_change,0.5000,SELL,200,0.44,0.4500
2026-01-08T02:14:27.632212Z,price_change,0.5000,SELL,300,0.44,0.4500
2026-01-08T02:14:27.652601Z,price_change,0.44,BUY,125,0.44,0.4500
2026-01-08T02:14:28.441427Z,price_change,0.4500,SELL,-20,0.44,0.4500
1767838468,last_trade_price,0.45,BUY,20,0.44,0.4500
2026-01-08T02:14:28.472074Z,price_change,0.4500,SELL,-7500,0.44,0.4500
2026-01-08T02:14:28.490443Z,price_change,0.4600,SELL,7500,0.44,0.4500
2026-01-08T02:14:28.541767Z,price_change,0.4500,SELL,458,0.44,0.4500
2026-01-08T02:14:28.915626Z,price_change,0.4500,SELL,-3439,0.44,0.4500
2026-01-08T02:14:29.223597Z,price_change,0.37,BUY,-2000,0.44,0.4500
2026-01-08T02:14:29.224964Z,price_change,0.5200,SELL,-2000,0.44,0.4500
2026-01-08T02:14:29.225704Z,price_change,0.39,BUY,-690,0.44,0.4500
2026-01-08T02:14:29.226407Z,price_change,0.5000,SELL,-690,0.44,0.4500
2026-01-08T02:14:29.349494Z,price_change,0.4,BUY,1815,0.44,0.4500
2026-01-08T02:14:29.381044Z,price_change,0.4,BUY,85,0.44,0.4500
2026-01-08T02:14:29.547548Z,price_change,0.41,BUY,-89,0.44,0.4500
2026-01-08T02:14:29.668474Z,price_change,0.39,BUY,69000,0.44,0.4500
2026-01-08T02:14:29.707894Z,price_change,0.4500,SELL,-1,0.44,0.4500
2026-01-08T02:14:29.707894Z,price_change,0.4500,SELL,-9,0.44,0.4500
1767838469,last_trade_price,0.45,BUY,1,0.44,0.4500
1767838469,last_trade_price,0.45,BUY,9,0.44,0.4500
2026-01-08T02:14:29.73052Z,price_change,0.4500,SELL,-5,0.44,0.4500
1767838469,last_trade_price,0.45,BUY,5,0.44,0.4500
2026-01-08T02:14:29.935756Z,price_change,0.4900,SELL,-50,0.44,0.4500
2026-01-08T02:14:29.937829Z,price_change,0.5000,SELL,-50,0.44,0.4500
2026-01-08T02:14:29.969704Z,price_change,0.44,BUY,-200,0.44,0.4500
2026-01-08T02:14:29.970291Z,price_change,0.5000,SELL,-200,0.44,0.4500
2026-01-08T02:14:30.111636Z,price_change,0.44,BUY,-125,0.44,0.4500
2026-01-08T02:14:30.112947Z,price_change,0.5000,SELL,-300,0.44,0.4500
2026-01-08T02:14:30.201301Z,price_change,0.4500,SELL,-444,0.44,0.4600
2026-01-08T02:14:30.209443Z,price_change,0.43,BUY,-673,0.44,0.4600
2026-01-08T02:14:30.21246Z,price_change,0.4600,SELL,-827,0.44,0.4600
2026-01-08T02:14:30.224417Z,price_change,0.44,BUY,673,0.44,0.4600
2026-01-08T02:14:30.22582Z,price_change,0.4700,SELL,827,0.44,0.4600
2026-01-08T02:14:30.266583Z,price_change,0.4600,SELL,-7500,0.44,0.4600
2026-01-08T02:14:30.281558Z,price_change,0.5200,SELL,500,0.44,0.4600
2026-01-08T02:14:30.300181Z,price_change,0.5700,SELL,7500,0.44,0.4600
2026-01-08T02:14:30.354561Z,price_change,0.43,BUY,-2500,0.44,0.4600
2026-01-08T02:14:30.371664Z,price_change,0.41,BUY,500,0.44,0.4600
2026-01-08T02:14:30.374968Z,price_change,0.6900,SELL,-111,0.44,0.4600
2026-01-08T02:14:30.377676Z,price_change,0.7000,SELL,-449,0.44,0.4600
2026-01-08T02:14:30.378779Z,price_change,0.5900,SELL,411,0.44,0.4600
2026-01-08T02:14:30.418773Z,price_change,0.4600,SELL,-1,0.44,0.4700
2026-01-08T02:14:30.418773Z,price_change,0.4700,SELL,1,0.44,0.4700
2026-01-08T02:14:30.453559Z,price_change,0.7000,SELL,145,0.44,0.4700
2026-01-08T02:14:30.472423Z,price_change,0.5700,SELL,-7500,0.44,0.4700
2026-01-08T02:14:30.514335Z,price_change,0.4700,SELL,50,0.44,0.4700
2026-01-08T02:14:30.579163Z,price_change,0.45,BUY,48,0.45,0.4700
2026-01-08T02:14:30.769351Z,price_change,0.4700,SELL,1,0.45,0.4700
2026-01-08T02:14:30.810422Z,price_change,0.4900,SELL,7500,0.45,0.4700
2026-01-08T02:14:30.828649Z,price_change,0.5200,SELL,-500,0.45,0.4700
2026-01-08T02:14:30.891669Z,price_change,0.44,BUY,2500,0.45,0.4700
2026-01-08T02:14:30.912828Z,price_change,0.41,BUY,-500,0.45,0.4700
2026-01-08T02:14:30.941002Z,price_change,0.4900,SELL,-7500,0.45,0.4700
2026-01-08T02:14:30.956933Z,price_change,0.5200,SELL,500,0.45,0.4700
2026-01-08T02:14:31.164531Z,price_change,0.4,BUY,-1815,0.45,0.4700
2026-01-08T02:14:31.240035Z,price_change,0.43,BUY,1907,0.45,0.4700
2026-01-08T02:14:31.295122Z,price_change,0.4900,SELL,7500,0.45,0.4700
2026-01-08T02:14:31.317218Z,price_change,0.5200,SELL,-500,0.45,0.4700
2026-01-08T02:14:31.320004Z,price_change,0.45,BUY,22,0.45,0.4700
2026-01-08T02:14:31.402412Z,price_change,0.4900,SELL,-7500,0.45,0.4700
2026-01-08T02:14:31.488144Z,price_change,0.5200,SELL,500,0.45,0.4700
2026-01-08T02:14:31.546877Z,price_change,0.17,BUY,-346,0.45,0.4700
2026-01-08T02:14:31.549662Z,price_change,0.18,BUY,-362,0.45,0.4700
2026-01-08T02:14:31.55182Z,price_change,0.41,BUY,421,0.45,0.4700
2026-01-08T02:14:31.553114Z,price_change,0.42,BUY,238,0.45,0.4700
2026-01-08T02:14:31.8397Z,price_change,0.4700,SELL,-50,0.45,0.4700
2026-01-08T02:14:31.877733Z,price_change,0.4900,SELL,7500,0.45,0.4700
2026-01-08T02:14:31.899037Z,price_change,0.5200,SELL,-500,0.45,0.4700
2026-01-08T02:14:31.928838Z,price_change,0.4700,SELL,30,0.45,0.4700
2026-01-08T02:14:32.000102Z,price_change,0.39,BUY,-69000,0.45,0.4700
2026-01-08T02:14:32.04002Z,price_change,0.4900,SELL,-7500,0.45,0.4700
2026-01-08T02:14:32.068389Z,price_change,0.5200,SELL,500,0.45,0.4700
2026-01-08T02:14:32.9494Z,price_change,0.4900,SELL,7500,0.45,0.4700
2026-01-08T02:14:32.969394Z,price_change,0.5200,SELL,-500,0.45,0.4700
2026-01-08T02:14:33.206899Z,price_change,0.43,BUY,-1907,0.45,0.4700
2026-01-08T02:14:33.229502Z,price_change,0.4900,SELL,-7500,0.45,0.4700
2026-01-08T02:14:33.24712Z,price_change,0.5200,SELL,500,0.45,0.4700
2026-01-08T02:14:33.285086Z,price_change,0.45,BUY,2002,0.45,0.4700
2026-01-08T02:14:33.585201Z,price_change,0.4700,SELL,-2,0.45,0.4700
1767838473,last_trade_price,0.47,BUY,2,0.45,0.4700
2026-01-08T02:14:33.601965Z,price_change,0.45,BUY,10,0.45,0.4700
2026-01-08T02:14:33.630219Z,price_change,0.4900,SELL,7500,0.45,0.4700
2026-01-08T02:14:33.642463Z,price_change,0.44,BUY,-2500,0.45,0.4700
2026-01-08T02:14:33.654198Z,price_change,0.5200,SELL,-500,0.45,0.4700
2026-01-08T02:14:33.771008Z,price_change,0.45,BUY,2500,0.45,0.4700
2026-01-08T02:14:33.81566Z,price_change,0.4900,SELL,-7500,0.45,0.4700
2026-01-08T02:14:33.833067Z,price_change,0.5200,SELL,500,0.45,0.4700
2026-01-08T02:14:34.079835Z,price_change,0.4700,SELL,-30,0.45,0.4700
2026-01-08T02:14:34.106638Z,price_change,0.4900,SELL,7500,0.45,0.4700
2026-01-08T02:14:34.130566Z,price_change,0.5200,SELL,-500,0.45,0.4700
2026-01-08T02:14:34.197272Z,price_change,0.4900,SELL,-7500,0.45,0.4700
2026-01-08T02:14:34.216853Z,price_change,0.5200,SELL,500,0.45,0.4700
2026-01-08T02:14:34.415639Z,price_change,0.4700,SELL,-204,0.45,0.4700
1767838474,last_trade_price,0.47,BUY,204,0.45,0.4700
2026-01-08T02:14:34.726158Z,price_change,0.4800,SELL,-83,0.45,0.4700
2026-01-08T02:14:34.738353Z,price_change,0.4700,SELL,-621,0.45,0.4700
2026-01-08T02:14:34.74689Z,price_change,0.5100,SELL,724,0.45,0.4700
2026-01-08T02:14:34.749147Z,price_change,0.5100,SELL,-724,0.45,0.4700
2026-01-08T02:14:34.7594Z,price_change,0.5000,SELL,150,0.45,0.4700
2026-01-08T02:14:34.76231Z,price_change,0.46,BUY,150,0.46,0.4700
2026-01-08T02:14:34.762382Z,price_change,0.5100,SELL,724,0.46,0.4700
2026-01-08T02:14:34.765935Z,price_change,0.5200,SELL,-500,0.46,0.4700
2026-01-08T02:14:34.765935Z,price_change,0.5100,SELL,500,0.46,0.4700
2026-01-08T02:14:34.769568Z,price_change,0.5100,SELL,-724,0.46,0.4700
2026-01-08T02:14:34.775729Z,price_change,0.44,BUY,-673,0.46,0.4700
2026-01-08T02:14:34.781866Z,price_change,0.4800,SELL,724,0.46,0.4700
2026-01-08T02:14:34.790006Z,price_change,0.45,BUY,776,0.46,0.4700
2026-01-08T02:14:34.804552Z,price_change,0.5100,SELL,-500,0.46,0.4700
2026-01-08T02:14:34.804552Z,price_change,0.5800,SELL,500,0.46,0.4700
2026-01-08T02:14:34.808012Z,price_change,0.46,BUY,-150,0.45,0.4700
2026-01-08T02:14:34.817767Z,price_change,0.45,BUY,-776,0.45,0.4700
2026-01-08T02:14:34.820605Z,price_change,0.4800,SELL,-724,0.45,0.4700
2026-01-08T02:14:34.827097Z,price_change,0.44,BUY,776,0.45,0.4700
2026-01-08T02:14:34.835475Z,price_change,0.4700,SELL,724,0.45,0.4700
2026-01-08T02:14:34.836747Z,price_change,0.4700,SELL,-724,0.45,0.4700
2026-01-08T02:14:34.847443Z,price_change,0.4700,SELL,724,0.45,0.4700
2026-01-08T02:14:34.850701Z,price_change,0.4800,SELL,55,0.45,0.4700
2026-01-08T02:14:34.853775Z,price_change,0.44,BUY,8,0.45,0.4700
2026-01-08T02:14:34.854257Z,price_change,0.4700,SELL,-1,0.45,0.4700
2026-01-08T02:14:34.854257Z,price_change,0.5100,SELL,1,0.45,0.4700
2026-01-08T02:14:34.858132Z,price_change,0.5800,SELL,-500,0.45,0.4700
2026-01-08T02:14:34.858132Z,price_change,0.5200,SELL,500,0.45,0.4700
2026-01-08T02:14:34.861579Z,price_change,0.4700,SELL,-1,0.45,0.4700
2026-01-08T02:14:34.861579Z,price_change,0.5100,SELL,1,0.45,0.4700
2026-01-08T02:14:34.870538Z,price_change,0.44,BUY,-30,0.45,0.4700
2026-01-08T02:14:34.872145Z,price_change,0.5000,SELL,-150,0.45,0.4700
2026-01-08T02:14:34.884509Z,price_change,0.5200,SELL,-500,0.45,0.4700
2026-01-08T02:14:34.884509Z,price_change,0.5100,SELL,500,0.45,0.4700
2026-01-08T02:14:34.941066Z,price_change,0.5100,SELL,-1,0.45,0.4700
2026-01-08T02:14:34.941066Z,price_change,0.4700,SELL,1,0.45,0.4700
2026-01-08T02:14:34.941372Z,price_change,0.5100,SELL,-1,0.45,0.4700
2026-01-08T02:14:34.941372Z,price_change,0.4700,SELL,1,0.45,0.4700
2026-01-08T02:14:35.120052Z,price_change,0.44,BUY,-776,0.45,0.4700
2026-01-08T02:14:35.121274Z,price_change,0.4700,SELL,-724,0.45,0.4700
2026-01-08T02:14:35.13204Z,price_change,0.45,BUY,776,0.45,0.4700
2026-01-08T02:14:35.133346Z,price_change,0.4800,SELL,724,0.45,0.4700
2026-01-08T02:14:35.138697Z,price_change,0.5100,SELL,-500,0.45,0.4700
2026-01-08T02:14:35.138697Z,price_change,0.5800,SELL,500,0.45,0.4700
2026-01-08T02:14:35.153224Z,price_change,0.5800,SELL,-500,0.45,0.4700
2026-01-08T02:14:35.153224Z,price_change,0.5200,SELL,500,0.45,0.4700
2026-01-08T02:14:35.187935Z,price_change,0.4700,SELL,-1,0.45,0.4700
2026-01-08T02:14:35.187935Z,price_change,0.5000,SELL,1,0.45,0.4700
2026-01-08T02:14:35.241779Z,price_change,0.4700,SELL,-1,0.45,0.4800
2026-01-08T02:14:35.241779Z,price_change,0.5000,SELL,1,0.45,0.4800
2026-01-08T02:14:35.266271Z,price_change,0.45,BUY,-2500,0.45,0.4800
2026-01-08T02:14:35.286709Z,price_change,0.37,BUY,2500,0.45,0.4800
2026-01-08T02:14:35.317673Z,price_change,0.5000,SELL,-1,0.45,0.4800
2026-01-08T02:14:35.317673Z,price_change,0.4800,SELL,1,0.45,0.4800
2026-01-08T02:14:35.86088Z,price_change,0.5800,SELL,691,0.45,0.4800
2026-01-08T02:14:35.864269Z,price_change,0.38,BUY,691,0.45,0.4800
2026-01-08T02:14:36.080692Z,price_change,0.43,BUY,690,0.45,0.4800
2026-01-08T02:14:36.081862Z,price_change,0.5400,SELL,690,0.45,0.4800
2026-01-08T02:14:36.102228Z,price_change,0.5000,SELL,-1,0.45,0.4800
2026-01-08T02:14:36.102228Z,price_change,0.4800,SELL,1,0.45,0.4800
2026-01-08T02:14:36.289642Z,price_change,0.37,BUY,-2500,0.45,0.4800
2026-01-08T02:14:36.307442Z,price_change,0.45,BUY,2500,0.45,0.4800
2026-01-08T02:14:36.551338Z,price_change,0.5200,SELL,459,0.45,0.4800
2026-01-08T02:14:36.575036Z,price_change,0.5200,SELL,-500,0.45,0.4800
2026-01-08T02:14:36.947024Z,price_change,0.45,BUY,20,0.45,0.4800
2026-01-08T02:14:37.061449Z,price_change,0.4800,SELL,2,0.45,0.4800
2026-01-08T02:14:37.073381Z,price_change,0.45,BUY,-20,0.45,0.4800
2026-01-08T02:14:37.076422Z,price_change,0.4800,SELL,-14,0.45,0.4800
1767838477,last_trade_price,0.48,BUY,14,0.45,0.4800
2026-01-08T02:14:37.318766Z,price_change,0.45,BUY,50,0.45,0.4800
2026-01-08T02:14:37.396274Z,price_change,0.46,BUY,459,0.46,0.4800
2026-01-08T02:14:37.413186Z,price_change,0.45,BUY,-776,0.46,0.4800
2026-01-08T02:14:37.41442Z,price_change,0.4800,SELL,-724,0.46,0.4800
2026-01-08T02:14:37.42996Z,price_change,0.5500,SELL,50,0.46,0.4800
2026-01-08T02:14:37.430448Z,price_change,0.46,BUY,776,0.46,0.4800
2026-01-08T02:14:37.430813Z,price_change,0.5400,SELL,50,0.46,0.4800
2026-01-08T02:14:37.431619Z,price_change,0.4900,SELL,724,0.46,0.4800
2026-01-08T02:14:37.446516Z,price_change,0.5300,SELL,500,0.46,0.4800
2026-01-08T02:14:37.460652Z,price_change,0.5300,SELL,-500,0.46,0.4800
2026-01-08T02:14:37.466164Z,price_change,0.5100,SELL,77,0.46,0.4800
2026-01-08T02:14:37.472478Z,price_change,0.4800,SELL,-1,0.46,0.4800
2026-01-08T02:14:37.472478Z,price_change,0.5100,SELL,1,0.46,0.4800
2026-01-08T02:14:37.481729Z,price_change,0.4800,SELL,-1,0.46,0.4800
2026-01-08T02:14:37.481729Z,price_change,0.5100,SELL,3,0.46,0.4800
2026-01-08T02:14:37.488253Z,price_change,0.4800,SELL,-2,0.46,0.4800
2026-01-08T02:14:37.500403Z,price_change,0.45,BUY,-50,0.46,0.4800
2026-01-08T02:14:37.533171Z,price_change,0.45,BUY,-2500,0.46,0.4800
2026-01-08T02:14:37.534401Z,price_change,0.5400,SELL,200,0.46,0.4800
2026-01-08T02:14:37.536022Z,price_change,0.4800,SELL,-10,0.46,0.4800
1767838477,last_trade_price,0.48,BUY,10,0.46,0.4800
2026-01-08T02:14:37.536448Z,price_change,0.46,BUY,200,0.46,0.4800
2026-01-08T02:14:37.550076Z,price_change,0.45,BUY,-48,0.46,0.4800
2026-01-08T02:14:37.55327Z,price_change,0.46,BUY,2500,0.46,0.4800
2026-01-08T02:14:37.705707Z,price_change,0.47,BUY,125,0.47,0.4800
2026-01-08T02:14:37.706284Z,price_change,0.5500,SELL,300,0.47,0.4800
2026-01-08T02:14:37.762644Z,price_change,0.4800,SELL,24,0.47,0.4800
2026-01-08T02:14:37.777711Z,price_change,0.5100,SELL,-77,0.47,0.4800
2026-01-08T02:14:37.784764Z,price_change,0.46,BUY,-2500,0.47,0.4800
2026-01-08T02:14:37.851647Z,price_change,0.5100,SELL,-1,0.47,0.4800
2026-01-08T02:14:37.851647Z,price_change,0.4900,SELL,1,0.47,0.4800
2026-01-08T02:14:37.88826Z,price_change,0.46,BUY,-200,0.47,0.4800
2026-01-08T02:14:37.917604Z,price_change,0.47,BUY,200,0.47,0.4800
2026-01-08T02:14:37.925999Z,price_change,0.47,BUY,2500,0.47,0.4800
2026-01-08T02:14:37.995213Z,price_change,0.4,BUY,-85,0.47,0.4800
2026-01-08T02:14:38.005111Z,price_change,0.38,BUY,-691,0.47,0.4800
2026-01-08T02:14:38.005111Z,price_change,0.5800,SELL,-691,0.47,0.4800
2026-01-08T02:14:38.125394Z,price_change,0.5100,SELL,-3,0.47,0.4800
2026-01-08T02:14:38.125394Z,price_change,0.4900,SELL,3,0.47,0.4800
2026-01-08T02:14:38.221632Z,price_change,0.4800,SELL,-10,0.47,0.4800
1767838478,last_trade_price,0.48,BUY,10,0.47,0.4800
2026-01-08T02:14:38.244774Z,price_change,0.4800,SELL,-21,0.47,0.4800
2026-01-08T02:14:38.244774Z,price_change,0.4800,SELL,-24,0.47,0.4900
1767838478,last_trade_price,0.48,BUY,21,0.47,0.4900
1767838478,last_trade_price,0.48,BUY,24,0.47,0.4900
2026-01-08T02:14:38.304919Z,price_change,0.47,BUY,-2500,0.47,0.4900
2026-01-08T02:14:38.308745Z,price_change,0.47,BUY,-125,0.47,0.4900
2026-01-08T02:14:38.310102Z,price_change,0.5500,SELL,-300,0.47,0.4900
2026-01-08T02:14:38.327907Z,price_change,0.46,BUY,2500,0.47,0.4900
2026-01-08T02:14:38.359189Z,price_change,0.48,BUY,125,0.48,0.4900
2026-01-08T02:14:38.359241Z,price_change,0.5500,SELL,300,0.48,0.4900
2026-01-08T02:14:38.436698Z,price_change,0.46,BUY,-776,0.48,0.4900
2026-01-08T02:14:38.438123Z,price_change,0.4900,SELL,-724,0.48,0.4900
2026-01-08T02:14:38.450633Z,price_change,0.47,BUY,776,0.48,0.4900
2026-01-08T02:14:38.452115Z,price_change,0.5000,SELL,724,0.48,0.4900
2026-01-08T02:14:38.505364Z,price_change,0.4900,SELL,-1,0.48,0.4900
2026-01-08T02:14:38.505364Z,price_change,0.5100,SELL,1,0.48,0.4900
2026-01-08T02:14:38.509101Z,price_change,0.46,BUY,-2500,0.48,0.4900
2026-01-08T02:14:38.509804Z,price_change,0.4900,SELL,-3,0.48,0.5000
2026-01-08T02:14:38.509804Z,price_change,0.5100,SELL,3,0.48,0.5000
2026-01-08T02:14:38.607547Z,price_change,0.5000,SELL,50,0.48,0.5000
2026-01-08T02:14:38.673728Z,price_change,0.47,BUY,-200,0.48,0.5000
2026-01-08T02:14:38.706026Z,price_change,0.48,BUY,200,0.48,0.5000
2026-01-08T02:14:39.0452Z,price_change,0.47,BUY,2500,0.48,0.5000
2026-01-08T02:14:39.219556Z,price_change,0.5000,SELL,-50,0.48,0.5000
2026-01-08T02:14:39.30932Z,price_change,0.5000,SELL,46,0.48,0.5000
2026-01-08T02:14:39.397543Z,price_change,0.5000,SELL,-46,0.48,0.5000
2026-01-08T02:14:39.638528Z,price_change,0.5000,SELL,25,0.48,0.5000
2026-01-08T02:14:39.730092Z,price_change,0.5000,SELL,-25,0.48,0.5000
2026-01-08T02:14:39.821695Z,price_change,0.5100,SELL,-1,0.48,0.5000
2026-01-08T02:14:39.821695Z,price_change,0.4900,SELL,1,0.48,0.4900
2026-01-08T02:14:40.102633Z,price_change,0.4900,SELL,-1,0.48,0.5000
2026-01-08T02:14:40.102633Z,price_change,0.5000,SELL,-191,0.48,0.5000
1767838480,last_trade_price,0.49,BUY,1,0.48,0.5000
1767838480,last_trade_price,0.5,BUY,191,0.48,0.5000
2026-01-08T02:14:40.398448Z,price_change,0.44,BUY,-8,0.48,0.5000
2026-01-08T02:14:40.399581Z,price_change,0.44,BUY,-36,0.48,0.5000
2026-01-08T02:14:41.214238Z,price_change,0.45,BUY,-2002,0.48,0.5000
2026-01-08T02:14:41.276779Z,price_change,0.45,BUY,-22,0.48,0.5000
2026-01-08T02:14:41.610206Z,price_change,0.4900,SELL,5000,0.48,0.4900
2026-01-08T02:14:41.815788Z,price_change,0.46,BUY,-459,0.48,0.4900
2026-01-08T02:14:41.860735Z,price_change,0.47,BUY,-2500,0.48,0.4900
2026-01-08T02:14:41.897236Z,price_change,0.46,BUY,2500,0.48,0.4900
2026-01-08T02:14:42.069933Z,price_change,0.4900,SELL,-404,0.48,0.4900
1767838482,last_trade_price,0.49,BUY,404,0.48,0.4900
2026-01-08T02:14:43.873439Z,price_change,0.5100,SELL,-3,0.48,0.4900
2026-01-08T02:14:43.873439Z,price_change,0.4900,SELL,3,0.48,0.4900
2026-01-08T02:14:44.934204Z,price_change,0.4900,SELL,7500,0.48,0.4900
2026-01-08T02:14:45.124411Z,price_change,0.4900,SELL,-7500,0.48,0.4900
2026-01-08T02:14:45.142573Z,price_change,0.46,BUY,-2500,0.48,0.4900
2026-01-08T02:14:45.148232Z,price_change,0.4900,SELL,-98,0.48,0.4900
1767838485,last_trade_price,0.49,BUY,98,0.48,0.4900
2026-01-08T02:14:45.416547Z,price_change,0.47,BUY,459,0.48,0.4900
2026-01-08T02:14:45.485117Z,price_change,0.4900,SELL,-2,0.48,0.4900
1767838485,last_trade_price,0.49,BUY,2,0.48,0.4900
2026-01-08T02:14:45.787986Z,price_change,0.5400,SELL,-200,0.48,0.4900
2026-01-08T02:14:45.818357Z,price_change,0.5500,SELL,200,0.48,0.4900
2026-01-08T02:14:45.84993Z,price_change,0.4900,SELL,-4496,0.48,0.4900
2026-01-08T02:14:45.85881Z,price_change,0.47,BUY,-776,0.48,0.4900
2026-01-08T02:14:45.862908Z,price_change,0.5000,SELL,-533,0.48,0.4900
2026-01-08T02:14:45.872755Z,price_change,0.46,BUY,700,0.48,0.4900
2026-01-08T02:14:45.875767Z,price_change,0.4900,SELL,800,0.48,0.4900
2026-01-08T02:14:45.881862Z,price_change,0.4900,SELL,-800,0.48,0.4900
2026-01-08T02:14:45.895433Z,price_change,0.4900,SELL,800,0.48,0.4900
2026-01-08T02:14:45.907353Z,price_change,0.4900,SELL,-800,0.48,0.4900
2026-01-08T02:14:45.914902Z,price_change,0.4900,SELL,800,0.48,0.4900
2026-01-08T02:14:45.917424Z,price_change,0.4900,SELL,-800,0.48,0.4900
2026-01-08T02:14:45.919435Z,price_change,0.6800,SELL,-130,0.48,0.4900
2026-01-08T02:14:45.922804Z,price_change,0.6900,SELL,148,0.48,0.4900
2026-01-08T02:14:45.926409Z,price_change,0.4900,SELL,800,0.48,0.4900
2026-01-08T02:14:45.930318Z,price_change,0.4900,SELL,-3,0.48,0.4900
2026-01-08T02:14:45.930318Z,price_change,0.5100,SELL,3,0.48,0.4900
2026-01-08T02:14:45.931448Z,price_change,0.4900,SELL,-800,0.48,0.5100
2026-01-08T02:14:45.934103Z,price_change,0.5100,SELL,1,0.48,0.5100
2026-01-08T02:14:45.944752Z,price_change,0.46,BUY,-700,0.48,0.5100
2026-01-08T02:14:45.946128Z,price_change,0.5100,SELL,800,0.48,0.5100
2026-01-08T02:14:45.960498Z,price_change,0.47,BUY,700,0.48,0.5100
2026-01-08T02:14:45.990771Z,price_change,0.5100,SELL,-3,0.48,0.5100
2026-01-08T02:14:45.990771Z,price_change,0.4900,SELL,3,0.48,0.4900
2026-01-08T02:14:46.000948Z,price_change,0.5100,SELL,-800,0.48,0.4900
2026-01-08T02:14:46.005392Z,price_change,0.47,BUY,-700,0.48,0.4900
2026-01-08T02:14:46.009341Z,price_change,0.48,BUY,-125,0.48,0.4900
2026-01-08T02:14:46.010819Z,price_change,0.5500,SELL,-300,0.48,0.4900
2026-01-08T02:14:46.011684Z,price_change,0.5300,SELL,500,0.48,0.4900
2026-01-08T02:14:46.015431Z,price_change,0.4900,SELL,800,0.48,0.4900
2026-01-08T02:14:46.017853Z,price_change,0.44,BUY,4,0.48,0.4900
2026-01-08T02:14:46.019905Z,price_change,0.46,BUY,700,0.48,0.4900
2026-01-08T02:14:46.022635Z,price_change,0.4900,SELL,-800,0.48,0.4900
2026-01-08T02:14:46.022993Z,price_change,0.5100,SELL,-1,0.48,0.4900
2026-01-08T02:14:46.022993Z,price_change,0.5000,SELL,1,0.48,0.4900
2026-01-08T02:14:46.026003Z,price_change,0.5500,SELL,459,0.48,0.4900
2026-01-08T02:14:46.030796Z,price_change,0.5300,SELL,-500,0.48,0.4900
2026-01-08T02:14:46.040035Z,price_change,0.4900,SELL,800,0.48,0.4900
2026-01-08T02:14:46.041327Z,price_change,0.4900,SELL,-800,0.48,0.4900
2026-01-08T02:14:46.051237Z,price_change,0.5500,SELL,300,0.48,0.4900
2026-01-08T02:14:46.052404Z,price_change,0.5300,SELL,500,0.48,0.4900
2026-01-08T02:14:46.055566Z,price_change,0.4900,SELL,800,0.48,0.4900
2026-01-08T02:14:46.072044Z,price_change,0.5300,SELL,-500,0.48,0.4900
2026-01-08T02:14:46.079994Z,price_change,0.4900,SELL,-3,0.48,0.4900
2026-01-08T02:14:46.079994Z,price_change,0.5100,SELL,3,0.48,0.4900
2026-01-08T02:14:46.086627Z,price_change,0.5000,SELL,-1,0.48,0.4900
2026-01-08T02:14:46.086627Z,price_change,0.4900,SELL,1,0.48,0.4900
2026-01-08T02:14:46.097788Z,price_change,0.5500,SELL,-300,0.48,0.4900
2026-01-08T02:14:46.100326Z,price_change,0.4900,SELL,-800,0.48,0.4900
2026-01-08T02:14:46.111564Z,price_change,0.4900,SELL,800,0.48,0.4900
2026-01-08T02:14:46.114219Z,price_change,0.4900,SELL,-800,0.48,0.4900
2026-01-08T02:14:46.117785Z,price_change,0.5300,SELL,500,0.48,0.4900
2026-01-08T02:14:46.126318Z,price_change,0.4900,SELL,800,0.48,0.4900
2026-01-08T02:14:46.129322Z,price_change,0.5300,SELL,-500,0.48,0.4900
2026-01-08T02:14:46.129581Z,price_change,0.4900,SELL,-800,0.48,0.4900
2026-01-08T02:14:46.140177Z,price_change,0.5300,SELL,500,0.48,0.4900
2026-01-08T02:14:46.143204Z,price_change,0.4900,SELL,800,0.48,0.4900
2026-01-08T02:14:46.147269Z,price_change,0.48,BUY,125,0.48,0.4900
2026-01-08T02:14:46.152029Z,price_change,0.4900,SELL,-800,0.48,0.4900
2026-01-08T02:14:46.161794Z,price_change,0.4900,SELL,-1,0.48,0.5100
2026-01-08T02:14:46.161794Z,price_change,0.5100,SELL,1,0.48,0.5100
2026-01-08T02:14:46.164576Z,price_change,0.4900,SELL,800,0.48,0.4900
2026-01-08T02:14:46.164896Z,price_change,0.5300,SELL,-500,0.48,0.4900
2026-01-08T02:14:46.166109Z,price_change,0.5500,SELL,300,0.48,0.4900
2026-01-08T02:14:46.167208Z,price_change,0.4900,SELL,-800,0.48,0.5100
2026-01-08T02:14:46.173961Z,price_change,0.46,BUY,-700,0.48,0.5100
2026-01-08T02:14:46.174028Z,price_change,0.5300,SELL,500,0.48,0.5100
2026-01-08T02:14:46.177489Z,price_change,0.5100,SELL,800,0.48,0.5100
2026-01-08T02:14:46.178632Z,price_change,0.5100,SELL,-800,0.48,0.5100
2026-01-08T02:14:46.180192Z,price_change,0.47,BUY,700,0.48,0.5100
2026-01-08T02:14:46.188428Z,price_change,0.5100,SELL,5,0.48,0.5100
2026-01-08T02:14:46.193389Z,price_change,0.5100,SELL,800,0.48,0.5100
2026-01-08T02:14:46.198745Z,price_change,0.5300,SELL,-500,0.48,0.5100
2026-01-08T02:14:46.209304Z,price_change,0.48,BUY,-125,0.48,0.5100
2026-01-08T02:14:46.21026Z,price_change,0.5500,SELL,-300,0.48,0.5100
2026-01-08T02:14:46.212515Z,price_change,0.5100,SELL,-3,0.48,0.5100
2026-01-08T02:14:46.212515Z,price_change,0.4900,SELL,3,0.48,0.4900
2026-01-08T02:14:46.225122Z,price_change,0.5100,SELL,-800,0.48,0.4900
2026-01-08T02:14:46.22795Z,price_change,0.47,BUY,-700,0.48,0.4900
2026-01-08T02:14:46.23463Z,price_change,0.4900,SELL,800,0.48,0.4900
2026-01-08T02:14:46.237212Z,price_change,0.46,BUY,700,0.48,0.4900
2026-01-08T02:14:46.238333Z,price_change,0.4900,SELL,-800,0.48,0.4900
2026-01-08T02:14:46.24556Z,price_change,0.4900,SELL,800,0.48,0.4900
2026-01-08T02:14:46.24821Z,price_change,0.4900,SELL,-800,0.48,0.4900
2026-01-08T02:14:46.253794Z,price_change,0.5100,SELL,-1,0.48,0.4900
2026-01-08T02:14:46.253794Z,price_change,0.5000,SELL,1,0.48,0.4900
2026-01-08T02:14:46.255917Z,price_change,0.5300,SELL,500,0.48,0.4900
2026-01-08T02:14:46.260261Z,price_change,0.4900,SELL,800,0.48,0.4900
2026-01-08T02:14:46.26273Z,price_change,0.4900,SELL,-800,0.48,0.4900
2026-01-08T02:14:46.269751Z,price_change,0.4900,SELL,800,0.48,0.4900
2026-01-08T02:14:46.275064Z,price_change,0.5500,SELL,300,0.48,0.4900
2026-01-08T02:14:46.28731Z,price_change,0.5300,SELL,-500,0.48,0.4900
2026-01-08T02:14:46.292533Z,price_change,0.5200,SELL,-459,0.48,0.4900
2026-01-08T02:14:46.292978Z,price_change,0.4900,SELL,-3,0.48,0.4900
2026-01-08T02:14:46.292978Z,price_change,0.5100,SELL,3,0.48,0.4900
2026-01-08T02:14:46.310493Z,price_change,0.5100,SELL,-5,0.48,0.4900
2026-01-08T02:14:46.313044Z,price_change,0.5300,SELL,500,0.48,0.4900
2026-01-08T02:14:46.323499Z,price_change,0.5000,SELL,-1,0.48,0.4900
2026-01-08T02:14:46.323499Z,price_change,0.4900,SELL,1,0.48,0.4900
2026-01-08T02:14:46.334338Z,price_change,0.4900,SELL,-800,0.48,0.4900
2026-01-08T02:14:46.345373Z,price_change,0.4900,SELL,800,0.48,0.4900
2026-01-08T02:14:46.348243Z,price_change,0.5100,SELL,-3,0.48,0.4900
2026-01-08T02:14:46.348243Z,price_change,0.4900,SELL,3,0.48,0.4900
2026-01-08T02:14:46.348883Z,price_change,0.4900,SELL,-800,0.48,0.4900
2026-01-08T02:14:46.35983Z,price_change,0.4900,SELL,800,0.48,0.4900
2026-01-08T02:14:46.362509Z,price_change,0.4900,SELL,-800,0.48,0.4900
2026-01-08T02:14:46.372442Z,price_change,0.4900,SELL,800,0.48,0.4900
2026-01-08T02:14:46.375248Z,price_change,0.4900,SELL,-800,0.48,0.4900
2026-01-08T02:14:46.383457Z,price_change,0.5500,SELL,-300,0.48,0.4900
2026-01-08T02:14:46.385684Z,price_change,0.4900,SELL,800,0.48,0.4900
2026-01-08T02:14:46.388508Z,price_change,0.4900,SELL,-800,0.48,0.4900
2026-01-08T02:14:46.397004Z,price_change,0.4900,SELL,800,0.48,0.4900
2026-01-08T02:14:46.399385Z,price_change,0.4900,SELL,-800,0.48,0.4900
2026-01-08T02:14:46.402736Z,price_change,0.4900,SELL,-1,0.48,0.4900
2026-01-08T02:14:46.402736Z,price_change,0.5200,SELL,1,0.48,0.4900
2026-01-08T02:14:46.408384Z,price_change,0.4900,SELL,-3,0.48,0.5200
2026-01-08T02:14:46.408384Z,price_change,0.5200,SELL,3,0.48,0.5200
2026-01-08T02:14:46.410744Z,price_change,0.4900,SELL,800,0.48,0.4900
2026-01-08T02:14:46.419545Z,price_change,0.4900,SELL,-800,0.48,0.5200
2026-01-08T02:14:46.423367Z,price_change,0.46,BUY,-700,0.48,0.5200
2026-01-08T02:14:46.429561Z,price_change,0.4900,SELL,800,0.48,0.4900
2026-01-08T02:14:46.429884Z,price_change,0.5500,SELL,300,0.48,0.4900
2026-01-08T02:14:46.430888Z,price_change,0.4900,SELL,-800,0.48,0.5200
2026-01-08T02:14:46.435746Z,price_change,0.48,BUY,125,0.48,0.5200
2026-01-08T02:14:46.437551Z,price_change,0.47,BUY,700,0.48,0.5200
2026-01-08T02:14:46.445348Z,price_change,0.5200,SELL,800,0.48,0.5200
2026-01-08T02:14:46.44744Z,price_change,0.5200,SELL,-800,0.48,0.5200
2026-01-08T02:14:46.4489Z,price_change,0.47,BUY,-700,0.48,0.5200
2026-01-08T02:14:46.453969Z,price_change,0.5300,SELL,-500,0.48,0.5200
2026-01-08T02:14:46.453969Z,price_change,0.5400,SELL,500,0.48,0.5200
2026-01-08T02:14:46.462605Z,price_change,0.5200,SELL,800,0.48,0.5200
2026-01-08T02:14:46.464429Z,price_change,0.47,BUY,700,0.48,0.5200
2026-01-08T02:14:46.47759Z,price_change,0.5500,SELL,-300,0.48,0.5200
2026-01-08T02:14:46.478956Z,price_change,0.48,BUY,-125,0.48,0.5200
2026-01-08T02:14:46.479769Z,price_change,0.5200,SELL,-1,0.48,0.5200
2026-01-08T02:14:46.479769Z,price_change,0.4900,SELL,1,0.48,0.4900
2026-01-08T02:14:46.486649Z,price_change,0.5200,SELL,-3,0.48,0.4900
2026-01-08T02:14:46.486649Z,price_change,0.4900,SELL,3,0.48,0.4900
2026-01-08T02:14:46.492387Z,price_change,0.5200,SELL,-800,0.48,0.4900
2026-01-08T02:14:46.495186Z,price_change,0.47,BUY,-700,0.48,0.4900
2026-01-08T02:14:46.498133Z,price_change,0.5400,SELL,-500,0.48,0.4900
2026-01-08T02:14:46.49955Z,price_change,0.5100,SELL,800,0.48,0.4900
2026-01-08T02:14:46.502957Z,price_change,0.5100,SELL,-800,0.48,0.4900
2026-01-08T02:14:46.509119Z,price_change,0.5400,SELL,500,0.48,0.4900
2026-01-08T02:14:46.511732Z,price_change,0.46,BUY,700,0.48,0.4900
2026-01-08T02:14:46.515353Z,price_change,0.4900,SELL,800,0.48,0.4900
2026-01-08T02:14:46.516833Z,price_change,0.4900,SELL,-800,0.48,0.4900
2026-01-08T02:14:46.517683Z,price_change,0.5400,SELL,-500,0.48,0.4900
2026-01-08T02:14:46.527363Z,price_change,0.5200,SELL,800,0.48,0.4900
2026-01-08T02:14:46.529017Z,price_change,0.5400,SELL,500,0.48,0.4900
2026-01-08T02:14:46.530138Z,price_change,0.5200,SELL,-800,0.48,0.4900
2026-01-08T02:14:46.540775Z,price_change,0.5200,SELL,800,0.48,0.4900
2026-01-08T02:14:46.542578Z,price_change,0.5400,SELL,-500,0.48,0.4900
2026-01-08T02:14:46.542578Z,price_change,0.5300,SELL,500,0.48,0.4900
2026-01-08T02:14:46.544377Z,price_change,0.4900,SELL,-3,0.48,0.4900
2026-01-08T02:14:46.544377Z,price_change,0.5100,SELL,3,0.48,0.4900
2026-01-08T02:14:46.54667Z,price_change,0.5200,SELL,-800,0.48,0.4900
2026-01-08T02:14:46.554977Z,price_change,0.4900,SELL,800,0.48,0.4900
2026-01-08T02:14:46.558021Z,price_change,0.4900,SELL,-800,0.48,0.4900
2026-01-08T02:14:46.565518Z,price_change,0.5500,SELL,300,0.48,0.4900
2026-01-08T02:14:46.566118Z,price_change,0.4900,SELL,-1,0.48,0.5100
2026-01-08T02:14:46.566118Z,price_change,0.5300,SELL,1,0.48,0.5100
2026-01-08T02:14:46.570304Z,price_change,0.4900,SELL,800,0.48,0.4900
2026-01-08T02:14:46.575539Z,price_change,0.4900,SELL,-800,0.48,0.5100
2026-01-08T02:14:46.578169Z,price_change,0.46,BUY,-700,0.48,0.5100
2026-01-08T02:14:46.58568Z,price_change,0.4900,SELL,800,0.48,0.4900
2026-01-08T02:14:46.590643Z,price_change,0.46,BUY,700,0.48,0.4900
2026-01-08T02:14:46.592042Z,price_change,0.4900,SELL,-800,0.48,0.5100
2026-01-08T02:14:46.593076Z,price_change,0.46,BUY,-700,0.48,0.5100
2026-01-08T02:14:46.603842Z,price_change,0.5300,SELL,-500,0.48,0.5100
2026-01-08T02:14:46.606443Z,price_change,0.5100,SELL,800,0.48,0.5100
2026-01-08T02:14:46.607507Z,price_change,0.47,BUY,700,0.48,0.5100
2026-01-08T02:14:46.608593Z,price_change,0.5100,SELL,-800,0.48,0.5100
2026-01-08T02:14:46.615462Z,price_change,0.5100,SELL,-3,0.48,0.5300
2026-01-08T02:14:46.615462Z,price_change,0.5200,SELL,3,0.48,0.5200
2026-01-08T02:14:46.62357Z,price_change,0.5100,SELL,800,0.48,0.5100
2026-01-08T02:14:46.624794Z,price_change,0.5100,SELL,-800,0.48,0.5200
2026-01-08T02:14:46.636498Z,price_change,0.5300,SELL,500,0.48,0.5200
2026-01-08T02:14:46.637271Z,price_change,0.5200,SELL,800,0.48,0.5200
2026-01-08T02:14:46.646025Z,price_change,0.5500,SELL,-300,0.48,0.5200
2026-01-08T02:14:46.650724Z,price_change,0.5300,SELL,-1,0.48,0.5200
2026-01-08T02:14:46.650724Z,price_change,0.4900,SELL,1,0.48,0.4900
2026-01-08T02:14:46.661772Z,price_change,0.5300,SELL,-500,0.48,0.4900
2026-01-08T02:14:46.661772Z,price_change,0.5400,SELL,500,0.48,0.4900
2026-01-08T02:14:46.665313Z,price_change,0.5200,SELL,-800,0.48,0.4900
2026-01-08T02:14:46.66764Z,price_change,0.47,BUY,-700,0.48,0.4900
2026-01-08T02:14:46.675288Z,price_change,0.4900,SELL,800,0.48,0.4900
2026-01-08T02:14:46.675417Z,price_change,0.5400,SELL,-500,0.48,0.4900
2026-01-08T02:14:46.679055Z,price_change,0.4900,SELL,-800,0.48,0.4900
2026-01-08T02:14:46.679532Z,price_change,0.5200,SELL,-3,0.48,0.4900
2026-01-08T02:14:46.679532Z,price_change,0.5300,SELL,3,0.48,0.4900
2026-01-08T02:14:46.681612Z,price_change,0.46,BUY,700,0.48,0.4900
2026-01-08T02:14:46.686487Z,price_change,0.5500,SELL,300,0.48,0.4900
2026-01-08T02:14:46.689155Z,price_change,0.5400,SELL,500,0.48,0.4900
2026-01-08T02:14:46.689715Z,price_change,0.4900,SELL,800,0.48,0.4900
2026-01-08T02:14:46.696105Z,price_change,0.4900,SELL,-800,0.48,0.4900
2026-01-08T02:14:46.709133Z,price_change,0.5400,SELL,-500,0.48,0.4900
2026-01-08T02:14:46.709133Z,price_change,0.5300,SELL,500,0.48,0.4900
2026-01-08T02:14:46.710119Z,price_change,0.4900,SELL,800,0.48,0.4900
2026-01-08T02:14:46.714058Z,price_change,0.4900,SELL,-1,0.48,0.4900
2026-01-08T02:14:46.714058Z,price_change,0.5100,SELL,1,0.48,0.4900
2026-01-08T02:14:46.719384Z,price_change,0.4900,SELL,-800,0.48,0.5100
2026-01-08T02:14:46.728865Z,price_change,0.48,BUY,125,0.48,0.5100
2026-01-08T02:14:46.731218Z,price_change,0.4900,SELL,800,0.48,0.4900
2026-01-08T02:14:46.734985Z,price_change,0.4900,SELL,-800,0.48,0.5100
2026-01-08T02:14:46.735996Z,price_change,0.46,BUY,-700,0.48,0.5100
2026-01-08T02:14:46.74476Z,price_change,0.4900,SELL,800,0.48,0.4900
2026-01-08T02:14:46.746663Z,price_change,0.46,BUY,700,0.48,0.4900
2026-01-08T02:14:46.74784Z,price_change,0.4900,SELL,-800,0.48,0.5100
2026-01-08T02:14:46.749353Z,price_change,0.46,BUY,-700,0.48,0.5100
2026-01-08T02:14:46.764162Z,price_change,0.5200,SELL,800,0.48,0.5100
2026-01-08T02:14:46.767783Z,price_change,0.5300,SELL,-3,0.48,0.5100
2026-01-08T02:14:46.767783Z,price_change,0.4900,SELL,3,0.48,0.4900
2026-01-08T02:14:46.767881Z,price_change,0.5200,SELL,-800,0.48,0.4900
2026-01-08T02:14:46.770092Z,price_change,0.47,BUY,700,0.48,0.4900
2026-01-08T02:14:46.776016Z,price_change,0.5100,SELL,-1,0.48,0.4900
2026-01-08T02:14:46.776016Z,price_change,0.4900,SELL,1,0.48,0.4900
2026-01-08T02:14:46.779733Z,price_change,0.47,BUY,-700,0.48,0.4900
2026-01-08T02:14:46.782053Z,price_change,0.4900,SELL,800,0.48,0.4900
2026-01-08T02:14:46.784446Z,price_change,0.4900,SELL,-800,0.48,0.4900
2026-01-08T02:14:46.785875Z,price_change,0.5300,SELL,-500,0.48,0.4900
2026-01-08T02:14:46.785875Z,price_change,0.5400,SELL,500,0.48,0.4900
2026-01-08T02:14:46.795791Z,price_change,0.46,BUY,700,0.48,0.4900
2026-01-08T02:14:46.800588Z,price_change,0.4900,SELL,800,0.48,0.4900
2026-01-08T02:14:46.805873Z,price_change,0.5400,SELL,-500,0.48,0.4900
2026-01-08T02:14:46.806897Z,price_change,0.4900,SELL,-800,0.48,0.4900
2026-01-08T02:14:46.820018Z,price_change,0.5400,SELL,500,0.48,0.4900
2026-01-08T02:14:46.825508Z,price_change,0.4900,SELL,800,0.48,0.4900
2026-01-08T02:14:46.83197Z,price_change,0.4900,SELL,-800,0.48,0.4900
2026-01-08T02:14:46.832099Z,price_change,0.5400,SELL,-500,0.48,0.4900
2026-01-08T02:14:46.832099Z,price_change,0.5300,SELL,500,0.48,0.4900
2026-01-08T02:14:46.843642Z,price_change,0.4900,SELL,-1,0.48,0.4900
2026-01-08T02:14:46.843642Z,price_change,0.5100,SELL,1,0.48,0.4900
2026-01-08T02:14:46.843685Z,price_change,0.5500,SELL,-300,0.48,0.4900
2026-01-08T02:14:46.844449Z,price_change,0.48,BUY,-125,0.48,0.4900
2026-01-08T02:14:46.846571Z,price_change,0.4900,SELL,800,0.48,0.4900
2026-01-08T02:14:46.84995Z,price_change,0.4900,SELL,-800,0.48,0.4900
2026-01-08T02:14:46.850824Z,price_change,0.48,BUY,-200,0.47,0.4900
2026-01-08T02:14:46.850824Z,price_change,0.4800,SELL,4800,0.47,0.4800
1767838486,last_trade_price,0.52,SELL,200,0.47,0.4800
2026-01-08T02:14:46.861546Z,price_change,0.4900,SELL,800,0.47,0.4800
2026-01-08T02:14:46.864667Z,price_change,0.4900,SELL,-800,0.47,0.4800
2026-01-08T02:14:46.86488Z,price_change,0.4900,SELL,-3,0.47,0.4800
2026-01-08T02:14:46.86488Z,price_change,0.5300,SELL,3,0.47,0.4800
2026-01-08T02:14:46.875578Z,price_change,0.4900,SELL,800,0.47,0.4800
2026-01-08T02:14:46.879105Z,price_change,0.5300,SELL,-500,0.47,0.4800
2026-01-08T02:14:46.887885Z,price_change,0.4800,SELL,5,0.47,0.4800
2026-01-08T02:14:46.894658Z,price_change,0.5100,SELL,-1,0.47,0.4800
2026-01-08T02:14:46.894658Z,price_change,0.5200,SELL,1,0.47,0.4800
2026-01-08T02:14:46.902921Z,price_change,0.5500,SELL,300,0.47,0.4800
2026-01-08T02:14:46.927574Z,price_change,0.5300,SELL,-3,0.47,0.4800
2026-01-08T02:14:46.927574Z,price_change,0.5200,SELL,3,0.47,0.4800
2026-01-08T02:14:46.934122Z,price_change,0.47,BUY,200,0.47,0.4800
2026-01-08T02:14:46.951458Z,price_change,0.5500,SELL,-300,0.47,0.4800
2026-01-08T02:14:46.972869Z,price_change,0.5100,SELL,50,0.47,0.4800
2026-01-08T02:14:46.973553Z,price_change,0.46,BUY,-700,0.47,0.4800
2026-01-08T02:14:46.974772Z,price_change,0.4900,SELL,-800,0.47,0.4800
2026-01-08T02:14:46.992228Z,price_change,0.45,BUY,700,0.47,0.4800
2026-01-08T02:14:46.993633Z,price_change,0.4800,SELL,800,0.47,0.4800
2026-01-08T02:14:47.01101Z,price_change,0.5500,SELL,300,0.47,0.4800
2026-01-08T02:14:47.042152Z,price_change,0.5200,SELL,-3,0.47,0.4800
2026-01-08T02:14:47.042152Z,price_change,0.4800,SELL,3,0.47,0.4800
2026-01-08T02:14:47.046431Z,price_change,0.5200,SELL,-1,0.47,0.4800
2026-01-08T02:14:47.046431Z,price_change,0.5300,SELL,1,0.47,0.4800
2026-01-08T02:14:47.06663Z,price_change,0.47,BUY,125,0.47,0.4800
2026-01-08T02:14:47.130429Z,price_change,0.47,BUY,-459,0.47,0.4800
2026-01-08T02:14:47.142486Z,price_change,0.5100,SELL,69000,0.47,0.4800
2026-01-08T02:14:47.21665Z,price_change,0.42,BUY,19,0.47,0.4800
2026-01-08T02:14:47.216819Z,price_change,0.5100,SELL,-50,0.47,0.4800
2026-01-08T02:14:47.262435Z,price_change,0.42,BUY,1874,0.47,0.4800
2026-01-08T02:14:47.282978Z,price_change,0.4800,SELL,7500,0.47,0.4800
2026-01-08T02:14:47.313649Z,price_change,0.43,BUY,-690,0.47,0.4800
2026-01-08T02:14:47.314709Z,price_change,0.5400,SELL,-690,0.47,0.4800
2026-01-08T02:14:47.318467Z,price_change,0.5300,SELL,-1,0.47,0.4800
2026-01-08T02:14:47.318467Z,price_change,0.5000,SELL,1,0.47,0.4800
2026-01-08T02:14:47.771101Z,price_change,0.45,BUY,-700,0.47,0.4800
2026-01-08T02:14:47.772137Z,price_change,0.4800,SELL,-800,0.47,0.4800
2026-01-08T02:14:47.783626Z,price_change,0.46,BUY,700,0.47,0.4800
2026-01-08T02:14:47.785189Z,price_change,0.4900,SELL,800,0.47,0.4800
2026-01-08T02:14:47.786503Z,price_change,0.5500,SELL,-300,0.47,0.4800
2026-01-08T02:14:47.787398Z,price_change,0.47,BUY,-125,0.47,0.4800
2026-01-08T02:14:47.856913Z,price_change,0.5000,SELL,-1,0.47,0.4800
2026-01-08T02:14:47.856913Z,price_change,0.4900,SELL,1,0.47,0.4800
2026-01-08T02:14:48.10435Z,price_change,0.4800,SELL,-60,0.47,0.4800
1767838488,last_trade_price,0.48,BUY,60,0.47,0.4800
2026-01-08T02:14:48.144127Z,price_change,0.5500,SELL,-200,0.47,0.4800
2026-01-08T02:14:48.144701Z,price_change,0.47,BUY,-200,0.46,0.4800
2026-01-08T02:14:48.155595Z,price_change,0.46,BUY,-700,0.45,0.4800
2026-01-08T02:14:48.15864Z,price_change,0.4900,SELL,-800,0.45,0.4800
2026-01-08T02:14:48.16627Z,price_change,0.45,BUY,700,0.45,0.4800
2026-01-08T02:14:48.173477Z,price_change,0.4800,SELL,800,0.45,0.4800
2026-01-08T02:14:48.253223Z,price_change,0.45,BUY,25,0.45,0.4800
2026-01-08T02:14:48.940339Z,price_change,0.4900,SELL,-1,0.45,0.4800
2026-01-08T02:14:48.940339Z,price_change,0.5000,SELL,1,0.45,0.4800
2026-01-08T02:14:49.001786Z,price_change,0.4800,SELL,-2000,0.45,0.4800
1767838489,last_trade_price,0.48,BUY,2000,0.45,0.4800
2026-01-08T02:14:49.181054Z,price_change,0.45,BUY,-25,0.45,0.4800
2026-01-08T02:14:49.286216Z,price_change,0.4800,SELL,-3,0.45,0.4800
2026-01-08T02:14:49.286216Z,price_change,0.4700,SELL,3,0.45,0.4700
2026-01-08T02:14:49.298202Z,price_change,0.45,BUY,-700,0.45,0.4700
2026-01-08T02:14:49.30101Z,price_change,0.4800,SELL,-800,0.45,0.4700
2026-01-08T02:14:49.309947Z,price_change,0.44,BUY,650,0.45,0.4700
2026-01-08T02:14:49.313835Z,price_change,0.4700,SELL,849,0.45,0.4700
2026-01-08T02:14:49.315457Z,price_change,0.45,BUY,15,0.45,0.4700
2026-01-08T02:14:49.464824Z,price_change,0.4800,SELL,-7500,0.45,0.4700
2026-01-08T02:14:49.483074Z,price_change,0.4700,SELL,7500,0.45,0.4700
2026-01-08T02:14:49.531962Z,price_change,0.4800,SELL,12,0.45,0.4700
2026-01-08T02:14:49.66278Z,price_change,0.45,BUY,-15,0.45,0.4700
2026-01-08T02:14:49.831342Z,price_change,0.5000,SELL,-1,0.45,0.4700
2026-01-08T02:14:49.831342Z,price_change,0.4800,SELL,1,0.45,0.4700
2026-01-08T02:14:49.915831Z,price_change,0.42,BUY,-1874,0.45,0.4700
2026-01-08T02:14:49.982628Z,price_change,0.39,BUY,1779,0.45,0.4700
2026-01-08T02:14:50.000393Z,price_change,0.5100,SELL,-69000,0.45,0.4700
2026-01-08T02:14:50.15935Z,price_change,0.5800,SELL,691,0.45,0.4700
2026-01-08T02:14:50.159927Z,price_change,0.33,BUY,691,0.45,0.4700
2026-01-08T02:14:50.249204Z,price_change,0.4700,SELL,-3,0.45,0.4700
2026-01-08T02:14:50.249204Z,price_change,0.4700,SELL,-7,0.45,0.4700
1767838490,last_trade_price,0.47,BUY,3,0.45,0.4700
1767838490,last_trade_price,0.47,BUY,7,0.45,0.4700
2026-01-08T02:14:50.644729Z,price_change,0.4700,SELL,-842,0.45,0.4700
2026-01-08T02:14:50.644729Z,price_change,0.4700,SELL,-158,0.45,0.4700
1767838490,last_trade_price,0.47,BUY,842,0.45,0.4700
1767838490,last_trade_price,0.47,BUY,158,0.45,0.4700
2026-01-08T02:14:50.654234Z,price_change,0.4700,SELL,846,0.45,0.4700
2026-01-08T02:14:50.656839Z,price_change,0.44,BUY,-650,0.45,0.4700
2026-01-08T02:14:50.658185Z,price_change,0.4700,SELL,-846,0.45,0.4700
2026-01-08T02:14:50.674899Z,price_change,0.4700,SELL,-7342,0.45,0.4800
2026-01-08T02:14:50.677099Z,price_change,0.45,BUY,1075,0.45,0.4800
2026-01-08T02:14:50.678447Z,price_change,0.4800,SELL,425,0.45,0.4800
2026-01-08T02:14:50.695608Z,price_change,0.5200,SELL,7500,0.45,0.4800
2026-01-08T02:14:50.698691Z,price_change,0.4800,SELL,-425,0.45,0.4800
2026-01-08T02:14:50.714108Z,price_change,0.4900,SELL,425,0.45,0.4800
2026-01-08T02:14:50.786702Z,price_change,0.5200,SELL,17,0.45,0.4800
2026-01-08T02:14:50.827582Z,price_change,0.5200,SELL,-17,0.45,0.4800
2026-01-08T02:14:50.886384Z,price_change,0.5200,SELL,-7500,0.45,0.4800
2026-01-08T02:14:51.316557Z,price_change,0.4800,SELL,2,0.45,0.4800
2026-01-08T02:14:51.339363Z,price_change,0.4800,SELL,7500,0.45,0.4800
2026-01-08T02:14:51.42203Z,price_change,0.4800,SELL,-2,0.45,0.4800
2026-01-08T02:14:51.42203Z,price_change,0.4700,SELL,2,0.45,0.4700
2026-01-08T02:14:51.464496Z,price_change,0.45,BUY,-10,0.45,0.4700
2026-01-08T02:14:51.464496Z,price_change,0.45,BUY,-18,0.45,0.4700
1767838491,last_trade_price,0.55,SELL,10,0.45,0.4700
1767838491,last_trade_price,0.55,SELL,18,0.45,0.4700
2026-01-08T02:14:52.228585Z,price_change,0.4800,SELL,-2740,0.45,0.4700
2026-01-08T02:14:52.251997Z,price_change,0.4800,SELL,-7500,0.45,0.4700
2026-01-08T02:14:52.283397Z,price_change,0.5200,SELL,7500,0.45,0.4700
2026-01-08T02:14:52.332578Z,price_change,0.4700,SELL,-2,0.45,0.4800
2026-01-08T02:14:52.332578Z,price_change,0.4800,SELL,2,0.45,0.4800
2026-01-08T02:14:52.379486Z,price_change,0.5200,SELL,500,0.45,0.4800
2026-01-08T02:14:52.395179Z,price_change,0.5200,SELL,-500,0.45,0.4800
2026-01-08T02:14:52.769164Z,price_change,0.44,BUY,-4,0.45,0.4800
2026-01-08T02:14:52.769164Z,price_change,0.4800,SELL,-5,0.45,0.4800
2026-01-08T02:14:53.000099Z,price_change,0.33,BUY,-691,0.45,0.4800
2026-01-08T02:14:53.000099Z,price_change,0.5800,SELL,-691,0.45,0.4800
2026-01-08T02:14:53.310954Z,price_change,0.5900,SELL,-411,0.45,0.4800
2026-01-08T02:14:53.313263Z,price_change,0.7100,SELL,328,0.45,0.4800
2026-01-08T02:14:53.459818Z,price_change,0.43,BUY,452,0.45,0.4800
2026-01-08T02:14:53.745942Z,price_change,0.4900,SELL,-425,0.45,0.4800
2026-01-08T02:14:53.757903Z,price_change,0.4900,SELL,537,0.45,0.4800
2026-01-08T02:14:53.764306Z,price_change,0.7000,SELL,-145,0.45,0.4800
2026-01-08T02:14:53.781903Z,price_change,0.5200,SELL,-7500,0.45,0.4800
2026-01-08T02:14:53.802316Z,price_change,0.5300,SELL,469,0.45,0.4800
2026-01-08T02:14:53.804074Z,price_change,0.5700,SELL,7500,0.45,0.4800
2026-01-08T02:14:53.825051Z,price_change,0.4800,SELL,-2,0.45,0.4800
2026-01-08T02:14:53.825051Z,price_change,0.5100,SELL,2,0.45,0.4800
2026-01-08T02:14:53.928529Z,price_change,0.5700,SELL,-7500,0.45,0.4800
2026-01-08T02:14:53.961789Z,price_change,0.4800,SELL,-1,0.45,0.4800
2026-01-08T02:14:53.961789Z,price_change,0.5100,SELL,1,0.45,0.4800
2026-01-08T02:14:54.081541Z,price_change,0.5100,SELL,452,0.45,0.4800
2026-01-08T02:14:54.102615Z,price_change,0.5300,SELL,-469,0.45,0.4800
2026-01-08T02:14:54.14194Z,price_change,0.4900,SELL,7500,0.45,0.4800
2026-01-08T02:14:54.541872Z,price_change,0.5500,SELL,-459,0.45,0.4800
2026-01-08T02:14:54.562517Z,price_change,0.7000,SELL,240,0.45,0.4800
2026-01-08T02:14:54.674558Z,price_change,0.37,BUY,2000,0.45,0.4800
2026-01-08T02:14:54.676373Z,price_change,0.4800,SELL,2000,0.45,0.4800
2026-01-08T02:14:54.828479Z,price_change,0.4900,SELL,-7500,0.45,0.4800
2026-01-08T02:14:54.846431Z,price_change,0.4800,SELL,7500,0.45,0.4800
2026-01-08T02:14:54.853911Z,price_change,0.42,BUY,-238,0.45,0.4800
2026-01-08T02:14:54.856488Z,price_change,0.17,BUY,283,0.45,0.4800
2026-01-08T02:14:55.003104Z,price_change,0.4700,SELL,150,0.45,0.4700
2026-01-08T02:14:55.005133Z,price_change,0.43,BUY,150,0.45,0.4700
2026-01-08T02:14:55.022513Z,price_change,0.4900,SELL,-537,0.45,0.4700
2026-01-08T02:14:55.037431Z,price_change,0.4800,SELL,537,0.45,0.4700
2026-01-08T02:14:55.160629Z,price_change,0.5100,SELL,-2,0.45,0.4700
2026-01-08T02:14:55.160629Z,price_change,0.4700,SELL,2,0.45,0.4700
2026-01-08T02:14:55.1678Z,price_change,0.4800,SELL,-7500,0.45,0.4700
2026-01-08T02:14:55.185955Z,price_change,0.4700,SELL,7500,0.45,0.4700
2026-01-08T02:14:55.252657Z,price_change,0.5200,SELL,200,0.45,0.4700
2026-01-08T02:14:55.278213Z,price_change,0.45,BUY,200,0.45,0.4700
2026-01-08T02:14:55.353653Z,price_change,0.45,BUY,125,0.45,0.4700
2026-01-08T02:14:55.354425Z,price_change,0.5200,SELL,300,0.45,0.4700
2026-01-08T02:14:55.408638Z,price_change,0.43,BUY,-452,0.45,0.4700
2026-01-08T02:14:56.294308Z,price_change,0.39,BUY,690,0.45,0.4700
2026-01-08T02:14:56.295648Z,price_change,0.4600,SELL,690,0.45,0.4600
2026-01-08T02:14:56.403384Z,price_change,0.4700,SELL,1,0.45,0.4600
2026-01-08T02:14:56.426943Z,price_change,0.4600,SELL,-10,0.45,0.4600
1767838496,last_trade_price,0.46,BUY,10,0.45,0.4600
2026-01-08T02:14:56.469024Z,price_change,0.5100,SELL,-1,0.45,0.4600
2026-01-08T02:14:56.469024Z,price_change,0.4700,SELL,1,0.45,0.4600
2026-01-08T02:14:56.912221Z,price_change,0.45,BUY,-1057,0.45,0.4600
2026-01-08T02:14:56.914408Z,price_change,0.4800,SELL,-537,0.45,0.4600
2026-01-08T02:14:56.924832Z,price_change,0.43,BUY,481,0.45,0.4600
2026-01-08T02:14:56.926024Z,price_change,0.4600,SELL,1018,0.45,0.4600
2026-01-08T02:14:57.119203Z,price_change,0.4700,SELL,-2,0.45,0.4600
2026-01-08T02:14:57.119203Z,price_change,0.4600,SELL,3,0.45,0.4600
2026-01-08T02:14:57.122808Z,price_change,0.4600,SELL,-2,0.45,0.4600
1767838497,last_trade_price,0.46,BUY,2,0.45,0.4600
2026-01-08T02:14:57.129316Z,price_change,0.4700,SELL,-1,0.45,0.4600
2026-01-08T02:14:57.232196Z,price_change,0.45,BUY,-200,0.45,0.4600
2026-01-08T02:14:57.232196Z,price_change,0.45,BUY,-125,0.43,0.4600
2026-01-08T02:14:57.232196Z,price_change,0.4500,SELL,4675,0.43,0.4500
1767838497,last_trade_price,0.55,SELL,200,0.43,0.4500
1767838497,last_trade_price,0.55,SELL,125,0.43,0.4500
2026-01-08T02:14:57.241037Z,price_change,0.43,BUY,-481,0.43,0.4500
2026-01-08T02:14:57.244053Z,price_change,0.4600,SELL,-1018,0.43,0.4500
2026-01-08T02:14:57.249183Z,price_change,0.4500,SELL,-10,0.43,0.4500
1767838497,last_trade_price,0.45,BUY,10,0.43,0.4500
2026-01-08T02:14:57.254018Z,price_change,0.41,BUY,-421,0.43,0.4500
2026-01-08T02:14:57.254097Z,price_change,0.42,BUY,481,0.43,0.4500
2026-01-08T02:14:57.257656Z,price_change,0.18,BUY,403,0.43,0.4500
2026-01-08T02:14:57.259166Z,price_change,0.4500,SELL,1018,0.43,0.4500
2026-01-08T02:14:57.290846Z,price_change,0.5200,SELL,-300,0.43,0.4500
2026-01-08T02:14:57.304263Z,price_change,0.4700,SELL,-7500,0.43,0.4500
2026-01-08T02:14:57.321448Z,price_change,0.4500,SELL,7500,0.43,0.4500
2026-01-08T02:14:57.33172Z,price_change,0.44,BUY,125,0.44,0.4500
2026-01-08T02:14:57.333512Z,price_change,0.5200,SELL,300,0.44,0.4500
2026-01-08T02:14:57.376314Z,price_change,0.4700,SELL,-1,0.44,0.4500
2026-01-08T02:14:57.376314Z,price_change,0.4600,SELL,1,0.44,0.4500
2026-01-08T02:14:57.384961Z,price_change,0.4600,SELL,-3,0.44,0.4500
2026-01-08T02:14:57.41367Z,price_change,0.44,BUY,-125,0.43,0.4500
2026-01-08T02:14:57.41367Z,price_change,0.43,BUY,-150,0.42,0.4500
2026-01-08T02:14:57.41367Z,price_change,0.42,BUY,-19,0.42,0.4500
2026-01-08T02:14:57.41367Z,price_change,0.42,BUY,-481,0.41,0.4500
1767838497,last_trade_price,0.56,SELL,125,0.41,0.4500
1767838497,last_trade_price,0.57,SELL,150,0.41,0.4500
1767838497,last_trade_price,0.58,SELL,19,0.41,0.4500
1767838497,last_trade_price,0.58,SELL,481,0.41,0.4500
2026-01-08T02:14:57.41367Z,price_change,0.4700,SELL,-150,0.41,0.4500
2026-01-08T02:14:57.425177Z,price_change,0.41,BUY,241,0.41,0.4500
2026-01-08T02:14:57.426624Z,price_change,0.4500,SELL,-1018,0.41,0.4500
2026-01-08T02:14:57.428132Z,price_change,0.41,BUY,-241,0.41,0.4500
2026-01-08T02:14:57.442413Z,price_change,0.4400,SELL,1499,0.41,0.4400
2026-01-08T02:14:57.451406Z,price_change,0.4300,SELL,69000,0.41,0.4300
2026-01-08T02:14:57.463983Z,price_change,0.4400,SELL,-1499,0.41,0.4300
2026-01-08T02:14:57.474573Z,price_change,0.4300,SELL,1499,0.41,0.4300
2026-01-08T02:14:57.478945Z,price_change,0.5200,SELL,-300,0.41,0.4300
2026-01-08T02:14:57.506502Z,price_change,0.4500,SELL,26969,0.41,0.4300
2026-01-08T02:14:57.525775Z,price_change,0.42,BUY,125,0.42,0.4300
2026-01-08T02:14:57.528054Z,price_change,0.5200,SELL,300,0.42,0.4300
2026-01-08T02:14:57.569911Z,price_change,0.4300,SELL,-81,0.42,0.4300
1767838497,last_trade_price,0.43,BUY,81,0.42,0.4300
2026-01-08T02:14:57.592005Z,price_change,0.42,BUY,40,0.42,0.4300
2026-01-08T02:14:57.60166Z,price_change,0.4500,SELL,-7500,0.42,0.4300
2026-01-08T02:14:57.65465Z,price_change,0.5200,SELL,-200,0.42,0.4300
2026-01-08T02:14:57.67198Z,price_change,0.37,BUY,-2000,0.42,0.4300
2026-01-08T02:14:57.679101Z,price_change,0.42,BUY,50,0.42,0.4300
2026-01-08T02:14:57.681082Z,price_change,0.4800,SELL,-2000,0.42,0.4300
2026-01-08T02:14:57.682546Z,price_change,0.39,BUY,-690,0.42,0.4300
2026-01-08T02:14:57.684087Z,price_change,0.4600,SELL,-678,0.42,0.4300
2026-01-08T02:14:57.698013Z,price_change,0.4600,SELL,-1,0.42,0.4300
2026-01-08T02:14:57.698013Z,price_change,0.4500,SELL,1,0.42,0.4300
2026-01-08T02:14:57.835943Z,price_change,0.4300,SELL,-41,0.42,0.4300
1767838497,last_trade_price,0.43,BUY,41,0.42,0.4300
2026-01-08T02:14:57.876125Z,price_change,0.5200,SELL,-300,0.42,0.4300
2026-01-08T02:14:57.877515Z,price_change,0.42,BUY,-125,0.42,0.4300
2026-01-08T02:14:57.928426Z,price_change,0.42,BUY,-50,0.42,0.4300
2026-01-08T02:14:58.049858Z,price_change,0.4300,SELL,5000,0.42,0.4300
2026-01-08T02:14:58.053839Z,price_change,0.4500,SELL,-1,0.42,0.4300
2026-01-08T02:14:58.140618Z,price_change,0.42,BUY,-40,0.41,0.4300
2026-01-08T02:14:58.153327Z,price_change,0.4300,SELL,-1499,0.41,0.4300
2026-01-08T02:14:58.164455Z,price_change,0.4200,SELL,1499,0.41,0.4200
2026-01-08T02:14:58.185829Z,price_change,0.4700,SELL,150,0.41,0.4200
2026-01-08T02:14:58.233571Z,price_change,0.41,BUY,150,0.41,0.4200
2026-01-08T02:14:58.260391Z,price_change,0.4300,SELL,1,0.41,0.4200
2026-01-08T02:14:58.404957Z,price_change,0.39,BUY,-1779,0.41,0.4200
2026-01-08T02:14:58.415318Z,price_change,0.4300,SELL,1,0.41,0.4200
2026-01-08T02:14:58.478855Z,price_change,0.36,BUY,1675,0.41,0.4200
2026-01-08T02:14:58.696952Z,price_change,0.4300,SELL,-1,0.41,0.4200
2026-01-08T02:14:58.696952Z,price_change,0.4200,SELL,1,0.41,0.4200
2026-01-08T02:14:58.798603Z,price_change,0.41,BUY,50,0.41,0.4200
2026-01-08T02:14:58.911891Z,price_change,0.38,BUY,146,0.41,0.4200
2026-01-08T02:14:58.922703Z,price_change,0.38,BUY,-146,0.41,0.4200
2026-01-08T02:14:58.933838Z,price_change,0.38,BUY,146,0.41,0.4200
2026-01-08T02:14:59.03095Z,price_change,0.41,BUY,-150,0.41,0.4200
2026-01-08T02:14:59.032433Z,price_change,0.4700,SELL,-150,0.41,0.4200
2026-01-08T02:14:59.08027Z,price_change,0.4700,SELL,1,0.41,0.4200
2026-01-08T02:14:59.105264Z,price_change,0.36,BUY,-1675,0.41,0.4200
2026-01-08T02:14:59.133617Z,price_change,0.41,BUY,15,0.41,0.4200
2026-01-08T02:14:59.177112Z,price_change,0.33,BUY,1667,0.41,0.4200
2026-01-08T02:14:59.264838Z,price_change,0.4200,SELL,-5,0.41,0.4200
1767838499,last_trade_price,0.42,BUY,5,0.41,0.4200
2026-01-08T02:14:59.321752Z,price_change,0.5100,SELL,-452,0.41,0.4200
2026-01-08T02:14:59.343546Z,price_change,0.4200,SELL,-26,0.41,0.4200
1767838499,last_trade_price,0.42,BUY,26,0.41,0.4200
2026-01-08T02:14:59.355942Z,price_change,0.41,BUY,-15,0.41,0.4200
2026-01-08T02:14:59.396262Z,price_change,0.4200,SELL,-6,0.41,0.4200
1767838499,last_trade_price,0.42,BUY,6,0.41,0.4200
2026-01-08T02:14:59.690164Z,price_change,0.4200,SELL,-22,0.41,0.4200
1767838499,last_trade_price,0.42,BUY,22,0.41,0.4200
2026-01-08T02:14:59.849398Z,price_change,0.4500,SELL,150,0.41,0.4200
2026-01-08T02:14:59.850989Z,price_change,0.41,BUY,150,0.41,0.4200
2026-01-08T02:14:59.865316Z,price_change,0.4700,SELL,-1,0.41,0.4200
2026-01-08T02:14:59.917594Z,price_change,0.41,BUY,-50,0.41,0.4200
2026-01-08T02:15:00.000557Z,price_change,0.4300,SELL,-68878,0.41,0.4200
2026-01-08T02:15:00.000557Z,price_change,0.4500,SELL,-26969,0.41,0.4200
2026-01-08T02:15:00.011654Z,price_change,0.41,BUY,22,0.41,0.4200
2026-01-08T02:15:00.173515Z,price_change,0.4200,SELL,-29,0.41,0.4200
1767838500,last_trade_price,0.42,BUY,29,0.41,0.4200
2026-01-08T02:15:00.190533Z,price_change,0.38,BUY,-146,0.41,0.4200
2026-01-08T02:15:00.204842Z,price_change,0.39,BUY,190,0.41,0.4200
2026-01-08T02:15:00.233093Z,price_change,0.4200,SELL,-5,0.41,0.4200
1767838500,last_trade_price,0.42,BUY,5,0.41,0.4200
2026-01-08T02:15:00.31749Z,price_change,0.41,BUY,-22,0.41,0.4200
2026-01-08T02:15:00.413615Z,price_change,0.41,BUY,50,0.41,0.4200
2026-01-08T02:15:00.639393Z,price_change,0.4200,SELL,-22,0.41,0.4200
1767838500,last_trade_price,0.42,BUY,22,0.41,0.4200
2026-01-08T02:15:00.67201Z,price_change,0.4200,SELL,7500,0.41,0.4200
2026-01-08T02:15:00.909785Z,price_change,0.4200,SELL,-114,0.41,0.4200
1767838500,last_trade_price,0.42,BUY,114,0.41,0.4200
2026-01-08T02:15:01.119406Z,price_change,0.41,BUY,20,0.41,0.4200
2026-01-08T02:15:01.134874Z,price_change,0.4500,SELL,-4665,0.41,0.4200
2026-01-08T02:15:01.137245Z,price_change,0.4300,SELL,-5000,0.41,0.4200
2026-01-08T02:15:01.215277Z,price_change,0.41,BUY,-20,0.41,0.4200
2026-01-08T02:15:01.263822Z,price_change,0.4300,SELL,-1,0.41,0.4200
2026-01-08T02:15:01.263822Z,price_change,0.5900,SELL,1,0.41,0.4200
2026-01-08T02:15:01.452276Z,price_change,0.41,BUY,-50,0.41,0.4200
2026-01-08T02:15:01.488855Z,price_change,0.41,BUY,458,0.41,0.4200
2026-01-08T02:15:01.776838Z,price_change,0.4200,SELL,-228,0.41,0.4200
1767838501,last_trade_price,0.42,BUY,228,0.41,0.4200
2026-01-08T02:15:02.037669Z,price_change,0.38,BUY,18,0.41,0.4200
2026-01-08T02:15:02.061106Z,price_change,0.41,BUY,3053,0.41,0.4200
2026-01-08T02:15:02.062551Z,price_change,0.4900,SELL,2473,0.41,0.4200
2026-01-08T02:15:02.064111Z,price_change,0.4,BUY,1043,0.41,0.4200
2026-01-08T02:15:02.066039Z,price_change,0.5000,SELL,841,0.41,0.4200
2026-01-08T02:15:02.134608Z,price_change,0.4700,SELL,61,0.41,0.4200
2026-01-08T02:15:02.301086Z,price_change,0.5900,SELL,-1,0.41,0.4200
2026-01-08T02:15:02.301086Z,price_change,0.4800,SELL,1,0.41,0.4200
2026-01-08T02:15:02.345461Z,price_change,0.4700,SELL,-61,0.41,0.4200
2026-01-08T02:15:02.347011Z,price_change,0.41,BUY,-458,0.41,0.4200
2026-01-08T02:15:02.362848Z,price_change,0.6000,SELL,100,0.41,0.4200
2026-01-08T02:15:02.503479Z,price_change,0.33,BUY,-1667,0.41,0.4200
2026-01-08T02:15:02.641203Z,price_change,0.4200,SELL,-20,0.41,0.4200
1767838502,last_trade_price,0.42,BUY,20,0.41,0.4200
2026-01-08T02:15:02.80563Z,price_change,0.41,BUY,-3053,0.41,0.4200
2026-01-08T02:15:02.810759Z,price_change,0.4900,SELL,-2473,0.41,0.4200
2026-01-08T02:15:02.811678Z,price_change,0.4200,SELL,-2,0.41,0.4200
1767838502,last_trade_price,0.42,BUY,2,0.41,0.4200
2026-01-08T02:15:02.813634Z,price_change,0.4,BUY,-1043,0.41,0.4200
2026-01-08T02:15:02.815003Z,price_change,0.5000,SELL,-841,0.41,0.4200
2026-01-08T02:15:02.876809Z,price_change,0.4800,SELL,-1,0.41,0.4200
2026-01-08T02:15:02.876809Z,price_change,0.4900,SELL,1,0.41,0.4200
2026-01-08T02:15:03.145021Z,price_change,0.4200,SELL,-5,0.41,0.4200
1767838503,last_trade_price,0.42,BUY,5,0.41,0.4200
2026-01-08T02:15:03.167905Z,price_change,0.39,BUY,-190,0.41,0.4200
2026-01-08T02:15:03.169004Z,price_change,0.4200,SELL,-1015,0.41,0.4200
2026-01-08T02:15:03.181863Z,price_change,0.4,BUY,780,0.41,0.4200
2026-01-08T02:15:03.183207Z,price_change,0.4300,SELL,720,0.41,0.4200
2026-01-08T02:15:03.192188Z,price_change,0.4200,SELL,2500,0.41,0.4200
2026-01-08T02:15:03.257965Z,price_change,0.41,BUY,-150,0.41,0.4200
2026-01-08T02:15:03.264006Z,price_change,0.4500,SELL,-150,0.41,0.4200
2026-01-08T02:15:03.299474Z,price_change,0.4200,SELL,-1,0.41,0.4200
2026-01-08T02:15:03.299474Z,price_change,0.4200,SELL,-4,0.41,0.4200
1767838503,last_trade_price,0.42,BUY,1,0.41,0.4200
1767838503,last_trade_price,0.42,BUY,4,0.41,0.4200
2026-01-08T02:15:03.300248Z,price_change,0.4900,SELL,-1,0.41,0.4200
2026-01-08T02:15:03.300248Z,price_change,0.4300,SELL,1,0.41,0.4200
2026-01-08T02:15:03.457133Z,price_change,0.4200,SELL,-502,0.41,0.4200
1767838503,last_trade_price,0.42,BUY,502,0.41,0.4200
2026-01-08T02:15:04.603073Z,price_change,0.4200,SELL,1,0.41,0.4200
2026-01-08T02:15:05.209526Z,price_change,0.33,BUY,691,0.41,0.4200
2026-01-08T02:15:05.213718Z,price_change,0.5200,SELL,691,0.41,0.4200
2026-01-08T02:15:05.255352Z,price_change,0.4200,SELL,-22,0.41,0.4200
1767838505,last_trade_price,0.42,BUY,22,0.41,0.4200
2026-01-08T02:15:05.743001Z,price_change,0.3,BUY,2000,0.41,0.4200
2026-01-08T02:15:05.744014Z,price_change,0.4300,SELL,2000,0.41,0.4200
2026-01-08T02:15:05.755467Z,price_change,0.4200,SELL,-143,0.41,0.4200
1767838505,last_trade_price,0.42,BUY,143,0.41,0.4200
2026-01-08T02:15:06.394908Z,price_change,0.4200,SELL,-45,0.41,0.4200
1767838506,last_trade_price,0.42,BUY,45,0.41,0.4200
2026-01-08T02:15:06.495102Z,price_change,0.4200,SELL,150,0.41,0.4200
2026-01-08T02:15:06.497196Z,price_change,0.38,BUY,150,0.41,0.4200
2026-01-08T02:15:06.576361Z,price_change,0.4200,SELL,-150,0.41,0.4200
2026-01-08T02:15:06.576361Z,price_change,0.38,BUY,-150,0.41,0.4200
2026-01-08T02:15:06.698782Z,price_change,0.4200,SELL,-5,0.41,0.4200
1767838506,last_trade_price,0.42,BUY,5,0.41,0.4200
2026-01-08T02:15:06.761535Z,price_change,0.38,BUY,-18,0.41,0.4200
2026-01-08T02:15:06.845343Z,price_change,0.36,BUY,19,0.41,0.4200
2026-01-08T02:15:07.027398Z,price_change,0.32,BUY,690,0.41,0.4200
2026-01-08T02:15:07.04942Z,price_change,0.4,BUY,-780,0.41,0.4200
2026-01-08T02:15:07.051019Z,price_change,0.4300,SELL,-720,0.41,0.4200
2026-01-08T02:15:07.061638Z,price_change,0.39,BUY,722,0.41,0.4200
2026-01-08T02:15:07.064179Z,price_change,0.4200,SELL,777,0.41,0.4200
2026-01-08T02:15:07.082085Z,price_change,0.4200,SELL,-638,0.41,0.4200
1767838507,last_trade_price,0.42,BUY,638,0.41,0.4200
2026-01-08T02:15:07.249985Z,price_change,0.4300,SELL,690,0.41,0.4200
2026-01-08T02:15:07.463117Z,price_change,0.34,BUY,1682,0.41,0.4200
2026-01-08T02:15:07.808525Z,price_change,0.4200,SELL,-20,0.41,0.4200
1767838507,last_trade_price,0.42,BUY,20,0.41,0.4200
2026-01-08T02:15:08.00004Z,price_change,0.33,BUY,-691,0.41,0.4200
2026-01-08T02:15:08.00004Z,price_change,0.5200,SELL,-691,0.41,0.4200
2026-01-08T02:15:08.061713Z,price_change,0.4200,SELL,2,0.41,0.4200
2026-01-08T02:15:08.176227Z,price_change,0.4,BUY,2500,0.41,0.4200
2026-01-08T02:15:08.29428Z,price_change,0.41,BUY,-1,0.4,0.4200
2026-01-08T02:15:08.29428Z,price_change,0.4100,SELL,7187,0.4,0.4100
1767838508,last_trade_price,0.59,SELL,1,0.4,0.4100
2026-01-08T02:15:08.29779Z,price_change,0.4100,SELL,-22,0.4,0.4100
1767838508,last_trade_price,0.41,BUY,22,0.4,0.4100
2026-01-08T02:15:08.30548Z,price_change,0.4100,SELL,4092,0.4,0.4100
2026-01-08T02:15:08.321139Z,price_change,0.4,BUY,-2500,0.4,0.4100
2026-01-08T02:15:08.383088Z,price_change,0.4200,SELL,-1,0.4,0.4100
2026-01-08T02:15:08.397322Z,price_change,0.4200,SELL,-2,0.4,0.4100
2026-01-08T02:15:08.419395Z,price_change,0.4300,SELL,-1,0.4,0.4100
2026-01-08T02:15:08.419395Z,price_change,0.4200,SELL,1,0.4,0.4100
2026-01-08T02:15:08.693116Z,price_change,0.39,BUY,2500,0.4,0.4100
2026-01-08T02:15:08.744561Z,price_change,0.4100,SELL,-100,0.4,0.4100
1767838508,last_trade_price,0.41,BUY,100,0.4,0.4100
2026-01-08T02:15:08.913244Z,price_change,0.4100,SELL,3,0.4,0.4100
2026-01-08T02:15:09.000089Z,price_change,0.4100,SELL,-4092,0.4,0.4100
2026-01-08T02:15:09.000089Z,price_change,0.4100,SELL,-7065,0.4,0.4100
2026-01-08T02:15:09.152445Z,price_change,0.4100,SELL,-3,0.4,0.4200
2026-01-08T02:15:09.152445Z,price_change,0.4200,SELL,3,0.4,0.4200
2026-01-08T02:15:09.189759Z,price_change,0.39,BUY,-2500,0.4,0.4200
2026-01-08T02:15:09.211125Z,price_change,0.4,BUY,2500,0.4,0.4200
2026-01-08T02:15:09.512254Z,price_change,0.41,BUY,472,0.41,0.4200
2026-01-08T02:15:09.526832Z,price_change,0.39,BUY,-722,0.41,0.4200
2026-01-08T02:15:09.527974Z,price_change,0.4200,SELL,-777,0.41,0.4200
2026-01-08T02:15:09.547211Z,price_change,0.4,BUY,722,0.41,0.4200
2026-01-08T02:15:09.54839Z,price_change,0.4300,SELL,777,0.41,0.4200
2026-01-08T02:15:09.799601Z,price_change,0.34,BUY,150,0.41,0.4200
2026-01-08T02:15:09.878742Z,price_change,0.4,BUY,-722,0.41,0.4200
2026-01-08T02:15:09.879925Z,price_change,0.4300,SELL,-777,0.41,0.4200
2026-01-08T02:15:09.892235Z,price_change,0.39,BUY,722,0.41,0.4200
2026-01-08T02:15:09.893297Z,price_change,0.4200,SELL,777,0.41,0.4200
2026-01-08T02:15:09.907299Z,price_change,0.4200,SELL,150,0.41,0.4200
2026-01-08T02:15:10.145435Z,price_change,0.4500,SELL,214,0.41,0.4200
2026-01-08T02:15:12.066618Z,price_change,0.41,BUY,-472,0.4,0.4200
2026-01-08T02:15:12.094964Z,price_change,0.4200,SELL,-12,0.4,0.4200
1767838512,last_trade_price,0.42,BUY,12,0.4,0.4200
2026-01-08T02:15:13.456816Z,price_change,0.4200,SELL,200,0.4,0.4200
2026-01-08T02:15:13.473207Z,price_change,0.4200,SELL,-2000,0.4,0.4200
1767838513,last_trade_price,0.42,BUY,2000,0.4,0.4200
2026-01-08T02:15:13.548744Z,price_change,0.37,BUY,125,0.4,0.4200
2026-01-08T02:15:13.553072Z,price_change,0.4500,SELL,300,0.4,0.4200
2026-01-08T02:15:13.644606Z,price_change,0.4200,SELL,-4,0.4,0.4200
1767838513,last_trade_price,0.42,BUY,4,0.4,0.4200
2026-01-08T02:15:13.941206Z,price_change,0.4,BUY,-2500,0.4,0.4200
2026-01-08T02:15:13.966436Z,price_change,0.39,BUY,2500,0.4,0.4200
2026-01-08T02:15:14.569636Z,price_change,0.4200,SELL,-68,0.4,0.4200
1767838514,last_trade_price,0.42,BUY,68,0.4,0.4200
2026-01-08T02:15:15.128661Z,price_change,0.4200,SELL,-6,0.4,0.4200
1767838515,last_trade_price,0.42,BUY,6,0.4,0.4200
2026-01-08T02:15:15.442747Z,price_change,0.4200,SELL,-1,0.4,0.4200
1767838515,last_trade_price,0.42,BUY,1,0.4,0.4200
2026-01-08T02:15:16.498227Z,price_change,0.4500,SELL,-300,0.4,0.4200
2026-01-08T02:15:16.499307Z,price_change,0.37,BUY,-125,0.4,0.4200
2026-01-08T02:15:16.545021Z,price_change,0.4500,SELL,300,0.4,0.4200
2026-01-08T02:15:16.546086Z,price_change,0.38,BUY,125,0.4,0.4200
2026-01-08T02:15:16.627642Z,price_change,0.39,BUY,-2500,0.4,0.4200
2026-01-08T02:15:16.657959Z,price_change,0.37,BUY,2500,0.4,0.4200
2026-01-08T02:15:16.860979Z,price_change,0.36,BUY,-19,0.4,0.4200
2026-01-08T02:15:16.866625Z,price_change,0.4200,SELL,-183,0.4,0.4200
1767838516,last_trade_price,0.42,BUY,183,0.4,0.4200
2026-01-08T02:15:16.887536Z,price_change,0.37,BUY,-2500,0.4,0.4200
2026-01-08T02:15:16.918321Z,price_change,0.34,BUY,-1682,0.4,0.4200
2026-01-08T02:15:17.339618Z,price_change,0.39,BUY,2500,0.4,0.4200
2026-01-08T02:15:17.527927Z,price_change,0.39,BUY,465,0.4,0.4200
2026-01-08T02:15:17.968664Z,price_change,0.4200,SELL,-11,0.4,0.4200
1767838517,last_trade_price,0.42,BUY,11,0.4,0.4200
2026-01-08T02:15:18.597965Z,price_change,0.4200,SELL,-800,0.4,0.4200
1767838518,last_trade_price,0.42,BUY,800,0.4,0.4200
2026-01-08T02:15:18.648228Z,price_change,0.4400,SELL,465,0.4,0.4200
2026-01-08T02:15:19.105859Z,price_change,0.4500,SELL,-214,0.4,0.4200
2026-01-08T02:15:19.99635Z,price_change,0.4200,SELL,-22,0.4,0.4200
1767838519,last_trade_price,0.42,BUY,22,0.4,0.4200
2026-01-08T02:15:20.07506Z,price_change,0.4200,SELL,-32,0.4,0.4200
1767838520,last_trade_price,0.42,BUY,32,0.4,0.4200
2026-01-08T02:15:20.588911Z,price_change,0.4200,SELL,-4,0.4,0.4200
1767838520,last_trade_price,0.42,BUY,4,0.4,0.4200
2026-01-08T02:15:20.604988Z,price_change,0.4200,SELL,-572,0.4,0.4200
1767838520,last_trade_price,0.42,BUY,572,0.4,0.4200
2026-01-08T02:15:20.981288Z,price_change,0.4200,SELL,-227,0.4,0.4200
1767838520,last_trade_price,0.42,BUY,227,0.4,0.4200
2026-01-08T02:15:21.115236Z,price_change,0.4200,SELL,-20,0.4,0.4200
1767838521,last_trade_price,0.42,BUY,20,0.4,0.4200
2026-01-08T02:15:21.259333Z,price_change,0.31,BUY,691,0.4,0.4200
2026-01-08T02:15:21.260791Z,price_change,0.5200,SELL,691,0.4,0.4200
2026-01-08T02:15:21.651903Z,price_change,0.4200,SELL,-115,0.4,0.4200
1767838521,last_trade_price,0.42,BUY,115,0.4,0.4200
2026-01-08T02:15:21.794767Z,price_change,0.4200,SELL,-7,0.4,0.4200
1767838521,last_trade_price,0.42,BUY,7,0.4,0.4200
2026-01-08T02:15:21.974521Z,price_change,0.4200,SELL,-68,0.4,0.4200
1767838521,last_trade_price,0.42,BUY,68,0.4,0.4200
2026-01-08T02:15:22.149653Z,price_change,0.4400,SELL,-465,0.4,0.4200
2026-01-08T02:15:22.922923Z,price_change,0.4200,SELL,-38,0.4,0.4200
1767838522,last_trade_price,0.42,BUY,38,0.4,0.4200
2026-01-08T02:15:23.024918Z,price_change,0.4200,SELL,-227,0.4,0.4200
1767838523,last_trade_price,0.42,BUY,227,0.4,0.4200
2026-01-08T02:15:23.784356Z,price_change,0.4200,SELL,-23,0.4,0.4200
1767838523,last_trade_price,0.42,BUY,23,0.4,0.4200
2026-01-08T02:15:24.000191Z,price_change,0.5200,SELL,-691,0.4,0.4200
2026-01-08T02:15:24.000191Z,price_change,0.31,BUY,-691,0.4,0.4200
2026-01-08T02:15:24.292273Z,price_change,0.4200,SELL,-20,0.4,0.4200
1767838524,last_trade_price,0.42,BUY,20,0.4,0.4200
2026-01-08T02:15:24.415302Z,price_change,0.39,BUY,-465,0.4,0.4200
2026-01-08T02:15:24.63929Z,price_change,0.3,BUY,-2000,0.4,0.4200
2026-01-08T02:15:24.640797Z,price_change,0.4300,SELL,-2000,0.4,0.4200
2026-01-08T02:15:24.642322Z,price_change,0.32,BUY,-690,0.4,0.4200
2026-01-08T02:15:24.643894Z,price_change,0.4300,SELL,-690,0.4,0.4200
2026-01-08T02:15:25.410044Z,price_change,0.4200,SELL,-44,0.4,0.4200
1767838525,last_trade_price,0.42,BUY,44,0.4,0.4200
2026-01-08T02:15:25.44395Z,price_change,0.4200,SELL,-22,0.4,0.4200
1767838525,last_trade_price,0.42,BUY,22,0.4,0.4200
2026-01-08T02:15:25.534713Z,price_change,0.38,BUY,465,0.4,0.4200
2026-01-08T02:15:25.634166Z,price_change,0.4200,SELL,-11,0.4,0.4200
1767838525,last_trade_price,0.42,BUY,11,0.4,0.4200
2026-01-08T02:15:25.97395Z,price_change,0.32,BUY,2000,0.4,0.4200
2026-01-08T02:15:25.975399Z,price_change,0.4800,SELL,2000,0.4,0.4200
2026-01-08T02:15:26.699047Z,price_change,0.4300,SELL,465,0.4,0.4200
2026-01-08T02:15:26.843054Z,price_change,0.32,BUY,-2000,0.4,0.4200
2026-01-08T02:15:26.846329Z,price_change,0.4800,SELL,-2000,0.4,0.4200
2026-01-08T02:15:27.344885Z,price_change,0.4200,SELL,-454,0.4,0.4200
1767838527,last_trade_price,0.42,BUY,454,0.4,0.4200
2026-01-08T02:15:27.351623Z,price_change,0.33,BUY,1606,0.4,0.4200
2026-01-08T02:15:27.410722Z,price_change,0.38,BUY,-125,0.4,0.4200
2026-01-08T02:15:27.412221Z,price_change,0.4500,SELL,-300,0.4,0.4200
2026-01-08T02:15:27.449473Z,price_change,0.39,BUY,125,0.4,0.4200
2026-01-08T02:15:27.459681Z,price_change,0.4500,SELL,300,0.4,0.4200
2026-01-08T02:15:27.601243Z,price_change,0.33,BUY,18,0.4,0.4200
2026-01-08T02:15:27.814367Z,price_change,0.34,BUY,75,0.4,0.4200
2026-01-08T02:15:27.877781Z,price_change,0.4100,SELL,150,0.4,0.4100
2026-01-08T02:15:27.895603Z,price_change,0.4200,SELL,-150,0.4,0.4100
2026-01-08T02:15:27.896645Z,price_change,0.39,BUY,-722,0.4,0.4100
2026-01-08T02:15:27.89762Z,price_change,0.4200,SELL,-777,0.4,0.4100
2026-01-08T02:15:27.909792Z,price_change,0.38,BUY,722,0.4,0.4100
2026-01-08T02:15:27.911105Z,price_change,0.4100,SELL,777,0.4,0.4100
2026-01-08T02:15:27.931962Z,price_change,0.7100,SELL,-328,0.4,0.4100
2026-01-08T02:15:27.93455Z,price_change,0.6800,SELL,274,0.4,0.4100
2026-01-08T02:15:27.981371Z,price_change,0.4200,SELL,-200,0.4,0.4100
2026-01-08T02:15:28.059448Z,price_change,0.38,BUY,-465,0.4,0.4100
2026-01-08T02:15:28.081621Z,price_change,0.4200,SELL,-3,0.4,0.4100
2026-01-08T02:15:28.081621Z,price_change,0.4100,SELL,3,0.4,0.4100
2026-01-08T02:15:28.10304Z,price_change,0.4200,SELL,-1130,0.4,0.4100
2026-01-08T02:15:28.119048Z,price_change,0.4100,SELL,7500,0.4,0.4100
2026-01-08T02:15:28.141502Z,price_change,0.4300,SELL,-465,0.4,0.4100
2026-01-08T02:15:28.184611Z,price_change,0.4500,SELL,-300,0.4,0.4100
2026-01-08T02:15:28.186132Z,price_change,0.39,BUY,-125,0.4,0.4100
2026-01-08T02:15:28.192625Z,price_change,0.39,BUY,-2500,0.4,0.4100
2026-01-08T02:15:28.321763Z,price_change,0.33,BUY,-1606,0.4,0.4100
2026-01-08T02:15:28.393623Z,price_change,0.25,BUY,1492,0.4,0.4100
2026-01-08T02:15:28.481713Z,price_change,0.32,BUY,2000,0.4,0.4100
2026-01-08T02:15:28.483909Z,price_change,0.4800,SELL,2000,0.4,0.4100
2026-01-08T02:15:28.635569Z,price_change,0.4100,SELL,-6,0.4,0.4100
1767838528,last_trade_price,0.41,BUY,6,0.4,0.4100
2026-01-08T02:15:28.806027Z,price_change,0.4100,SELL,-144,0.4,0.4100
2026-01-08T02:15:28.806027Z,price_change,0.4100,SELL,-777,0.4,0.4100
2026-01-08T02:15:28.806027Z,price_change,0.4100,SELL,-3,0.4,0.4100
2026-01-08T02:15:28.806027Z,price_change,0.4100,SELL,-224,0.4,0.4100
1767838528,last_trade_price,0.41,BUY,144,0.4,0.4100
1767838528,last_trade_price,0.41,BUY,777,0.4,0.4100
1767838528,last_trade_price,0.41,BUY,3,0.4,0.4100
1767838528,last_trade_price,0.41,BUY,224,0.4,0.4100
2026-01-08T02:15:28.823491Z,price_change,0.38,BUY,-722,0.4,0.4100
2026-01-08T02:15:28.824789Z,price_change,0.4200,SELL,389,0.4,0.4100
2026-01-08T02:15:28.831281Z,price_change,0.39,BUY,1111,0.4,0.4100
2026-01-08T02:15:28.842639Z,price_change,0.35,BUY,500,0.4,0.4100
2026-01-08T02:15:28.856111Z,price_change,0.4100,SELL,-7276,0.4,0.4200
2026-01-08T02:15:28.856368Z,price_change,0.35,BUY,-500,0.4,0.4200
2026-01-08T02:15:28.870032Z,price_change,0.39,BUY,-1111,0.4,0.4200
2026-01-08T02:15:28.872618Z,price_change,0.4200,SELL,-389,0.4,0.4200
2026-01-08T02:15:28.87905Z,price_change,0.4700,SELL,150,0.4,0.4200
2026-01-08T02:15:28.881462Z,price_change,0.4,BUY,1111,0.4,0.4200
2026-01-08T02:15:28.88629Z,price_change,0.4300,SELL,389,0.4,0.4200
2026-01-08T02:15:28.888397Z,price_change,0.35,BUY,500,0.4,0.4200
2026-01-08T02:15:28.89119Z,price_change,0.4500,SELL,7500,0.4,0.4200
2026-01-08T02:15:28.907353Z,price_change,0.4700,SELL,-150,0.4,0.4200
2026-01-08T02:15:29.306527Z,price_change,0.34,BUY,-150,0.4,0.4200
2026-01-08T02:15:29.306527Z,price_change,0.34,BUY,-75,0.4,0.4200
2026-01-08T02:15:29.328028Z,price_change,0.35,BUY,-500,0.4,0.4200
2026-01-08T02:15:29.328028Z,price_change,0.34,BUY,500,0.4,0.4200
2026-01-08T02:15:29.330789Z,price_change,0.4500,SELL,-7500,0.4,0.4200
2026-01-08T02:15:29.35988Z,price_change,0.4200,SELL,7500,0.4,0.4200
2026-01-08T02:15:29.504931Z,price_change,0.25,BUY,-1492,0.4,0.4200
2026-01-08T02:15:29.580149Z,price_change,0.31,BUY,1555,0.4,0.4200
2026-01-08T02:15:29.867121Z,price_change,0.4200,SELL,3,0.4,0.4200
2026-01-08T02:15:29.877462Z,price_change,0.34,BUY,690,0.4,0.4200
2026-01-08T02:15:29.878434Z,price_change,0.4600,SELL,690,0.4,0.4200
2026-01-08T02:15:29.895626Z,price_change,0.34,BUY,-500,0.4,0.4200
2026-01-08T02:15:29.895626Z,price_change,0.35,BUY,500,0.4,0.4200
2026-01-08T02:15:29.908857Z,price_change,0.34,BUY,7,0.4,0.4200
2026-01-08T02:15:29.9849Z,price_change,0.4100,SELL,15,0.4,0.4100
2026-01-08T02:15:30.005539Z,price_change,0.36,BUY,150,0.4,0.4100
2026-01-08T02:15:30.020758Z,price_change,0.4100,SELL,135,0.4,0.4100
2026-01-08T02:15:30.045154Z,price_change,0.35,BUY,-500,0.4,0.4100
2026-01-08T02:15:30.086245Z,price_change,0.34,BUY,-7,0.4,0.4100
2026-01-08T02:15:30.088119Z,price_change,0.4100,SELL,-15,0.4,0.4100
2026-01-08T02:15:30.102075Z,price_change,0.4200,SELL,-2,0.4,0.4100
2026-01-08T02:15:30.177499Z,price_change,0.4200,SELL,-7500,0.4,0.4100
2026-01-08T02:15:30.195421Z,price_change,0.4100,SELL,7500,0.4,0.4100
2026-01-08T02:15:30.468131Z,price_change,0.32,BUY,-2000,0.4,0.4100
2026-01-08T02:15:30.469174Z,price_change,0.4800,SELL,-2000,0.4,0.4100
2026-01-08T02:15:30.469979Z,price_change,0.34,BUY,-690,0.4,0.4100
2026-01-08T02:15:30.470854Z,price_change,0.4600,SELL,-690,0.4,0.4100
2026-01-08T02:15:30.504068Z,price_change,0.36,BUY,88,0.4,0.4100
2026-01-08T02:15:30.523088Z,price_change,0.4100,SELL,15,0.4,0.4100
2026-01-08T02:15:30.540552Z,price_change,0.36,BUY,-150,0.4,0.4100
2026-01-08T02:15:30.544009Z,price_change,0.4100,SELL,-135,0.4,0.4100
2026-01-08T02:15:31.079659Z,price_change,0.4200,SELL,-1,0.4,0.4100
2026-01-08T02:15:31.079659Z,price_change,0.4100,SELL,1,0.4,0.4100
2026-01-08T02:15:31.118436Z,price_change,0.4100,SELL,-7500,0.4,0.4100
2026-01-08T02:15:31.141523Z,price_change,0.4200,SELL,7500,0.4,0.4100
2026-01-08T02:15:31.217644Z,price_change,0.4100,SELL,-1,0.4,0.4100
2026-01-08T02:15:31.217644Z,price_change,0.4200,SELL,1,0.4,0.4100
2026-01-08T02:15:31.250376Z,price_change,0.4100,SELL,50,0.4,0.4100
2026-01-08T02:15:31.2657Z,price_change,0.29,BUY,2000,0.4,0.4100
2026-01-08T02:15:31.27312Z,price_change,0.4500,SELL,2000,0.4,0.4100
2026-01-08T02:15:31.451697Z,price_change,0.6500,SELL,-500,0.4,0.4100
2026-01-08T02:15:32.08556Z,price_change,0.4100,SELL,-15,0.4,0.4100
2026-01-08T02:15:32.08556Z,price_change,0.4100,SELL,-50,0.4,0.4200
2026-01-08T02:15:32.08556Z,price_change,0.4200,SELL,-80,0.4,0.4200
1767838532,last_trade_price,0.41,BUY,15,0.4,0.4200
1767838532,last_trade_price,0.41,BUY,50,0.4,0.4200
1767838532,last_trade_price,0.42,BUY,80,0.4,0.4200
2026-01-08T02:15:32.181674Z,price_change,0.4200,SELL,-10,0.4,0.4200
1767838532,last_trade_price,0.42,BUY,10,0.4,0.4200
2026-01-08T02:15:32.494713Z,price_change,0.4200,SELL,200,0.4,0.4200
2026-01-08T02:15:32.729588Z,price_change,0.38,BUY,125,0.4,0.4200
2026-01-08T02:15:32.734132Z,price_change,0.4100,SELL,15,0.4,0.4100
2026-01-08T02:15:32.737409Z,price_change,0.4300,SELL,300,0.4,0.4100
2026-01-08T02:15:32.779864Z,price_change,0.31,BUY,690,0.4,0.4100
2026-01-08T02:15:32.781003Z,price_change,0.4200,SELL,690,0.4,0.4100
2026-01-08T02:15:32.807119Z,price_change,0.36,BUY,-88,0.4,0.4100
2026-01-08T02:15:32.858102Z,price_change,0.4200,SELL,-200,0.4,0.4100
2026-01-08T02:15:32.909095Z,price_change,0.4100,SELL,200,0.4,0.4100
2026-01-08T02:15:32.940766Z,price_change,0.4200,SELL,-7500,0.4,0.4100
2026-01-08T02:15:32.943393Z,price_change,0.4100,SELL,-15,0.4,0.4100
2026-01-08T02:15:32.943393Z,price_change,0.4100,SELL,-200,0.4,0.4200
2026-01-08T02:15:32.943393Z,price_change,0.4200,SELL,-13,0.4,0.4200
1767838532,last_trade_price,0.41,BUY,15,0.4,0.4200
1767838532,last_trade_price,0.41,BUY,200,0.4,0.4200
1767838532,last_trade_price,0.42,BUY,13,0.4,0.4200
2026-01-08T02:15:33.030803Z,price_change,0.4100,SELL,7500,0.4,0.4100
2026-01-08T02:15:33.045306Z,price_change,0.29,BUY,-2000,0.4,0.4100
2026-01-08T02:15:33.046244Z,price_change,0.4500,SELL,-2000,0.4,0.4100
2026-01-08T02:15:33.047116Z,price_change,0.31,BUY,-690,0.4,0.4100
2026-01-08T02:15:33.048246Z,price_change,0.4200,SELL,-690,0.4,0.4100
2026-01-08T02:15:33.069483Z,price_change,0.4100,SELL,-7500,0.4,0.4200
2026-01-08T02:15:33.226871Z,price_change,0.4200,SELL,200,0.4,0.4200
2026-01-08T02:15:33.421868Z,price_change,0.4200,SELL,7500,0.4,0.4200
2026-01-08T02:15:33.575108Z,price_change,0.38,BUY,467,0.4,0.4200
2026-01-08T02:15:34.701387Z,price_change,0.34,BUY,2000,0.4,0.4200
2026-01-08T02:15:34.70304Z,price_change,0.4900,SELL,2000,0.4,0.4200
2026-01-08T02:15:34.713368Z,price_change,0.4200,SELL,-200,0.4,0.4200
2026-01-08T02:15:34.717884Z,price_change,0.38,BUY,200,0.4,0.4200
2026-01-08T02:15:34.742277Z,price_change,0.4300,SELL,8,0.4,0.4200
2026-01-08T02:15:34.751926Z,price_change,0.4300,SELL,200,0.4,0.4200
2026-01-08T02:15:35.171016Z,price_change,0.4200,SELL,1,0.4,0.4200
2026-01-08T02:15:35.572363Z,price_change,0.4200,SELL,-98,0.4,0.4200
1767838535,last_trade_price,0.42,BUY,98,0.4,0.4200
2026-01-08T02:15:35.804866Z,price_change,0.4200,SELL,-112,0.4,0.4200
1767838535,last_trade_price,0.42,BUY,112,0.4,0.4200
2026-01-08T02:15:35.904854Z,price_change,0.4200,SELL,-22,0.4,0.4200
1767838535,last_trade_price,0.42,BUY,22,0.4,0.4200
2026-01-08T02:15:36.078183Z,price_change,0.36,BUY,690,0.4,0.4200
2026-01-08T02:15:36.079508Z,price_change,0.4700,SELL,690,0.4,0.4200
2026-01-08T02:15:37.115512Z,price_change,0.4200,SELL,-22,0.4,0.4200
1767838537,last_trade_price,0.42,BUY,22,0.4,0.4200
2026-01-08T02:15:37.118806Z,price_change,0.4200,SELL,8,0.4,0.4200
2026-01-08T02:15:37.123972Z,price_change,0.4200,SELL,-1,0.4,0.4200
2026-01-08T02:15:37.458925Z,price_change,0.33,BUY,691,0.4,0.4200
2026-01-08T02:15:37.462997Z,price_change,0.5200,SELL,691,0.4,0.4200
2026-01-08T02:15:37.500878Z,price_change,0.31,BUY,-1555,0.4,0.4200
2026-01-08T02:15:37.566957Z,price_change,0.33,BUY,-18,0.4,0.4200
2026-01-08T02:15:37.895849Z,price_change,0.4200,SELL,-8,0.4,0.4200
1767838537,last_trade_price,0.42,BUY,8,0.4,0.4200
2026-01-08T02:15:37.977574Z,price_change,0.4200,SELL,-22,0.4,0.4200
1767838537,last_trade_price,0.42,BUY,22,0.4,0.4200
2026-01-08T02:15:38.105875Z,price_change,0.4200,SELL,-10,0.4,0.4200
1767838538,last_trade_price,0.42,BUY,10,0.4,0.4200
2026-01-08T02:15:38.2455Z,price_change,0.4200,SELL,-6,0.4,0.4200
1767838538,last_trade_price,0.42,BUY,6,0.4,0.4200
2026-01-08T02:15:38.270646Z,price_change,0.4,BUY,2500,0.4,0.4200
2026-01-08T02:15:39.679126Z,price_change,0.4200,SELL,-22,0.4,0.4200
1767838539,last_trade_price,0.42,BUY,22,0.4,0.4200
2026-01-08T02:15:40.000212Z,price_change,0.33,BUY,-691,0.4,0.4200
2026-01-08T02:15:40.000212Z,price_change,0.5200,SELL,-691,0.4,0.4200
2026-01-08T02:15:40.805987Z,price_change,0.4200,SELL,-263,0.4,0.4200
1767838540,last_trade_price,0.42,BUY,263,0.4,0.4200
2026-01-08T02:15:42.205164Z,price_change,0.4,BUY,100,0.4,0.4200
2026-01-08T02:15:42.763568Z,price_change,0.4300,SELL,242,0.4,0.4200
2026-01-08T02:15:43.645306Z,price_change,0.39,BUY,473,0.4,0.4200
2026-01-08T02:15:43.655398Z,price_change,0.4300,SELL,-8,0.4,0.4200
2026-01-08T02:15:43.984529Z,price_change,0.4200,SELL,8,0.4,0.4200
2026-01-08T02:15:43.986172Z,price_change,0.4200,SELL,-8,0.4,0.4200
2026-01-08T02:15:44.086449Z,price_change,0.38,BUY,-467,0.4,0.4200
2026-01-08T02:15:44.533155Z,price_change,0.4200,SELL,-7500,0.4,0.4200
2026-01-08T02:15:44.60191Z,price_change,0.4,BUY,-2500,0.4,0.4200
2026-01-08T02:15:44.706945Z,price_change,0.18,BUY,-403,0.4,0.4200
2026-01-08T02:15:44.709549Z,price_change,0.16,BUY,362,0.4,0.4200
2026-01-08T02:15:45.080843Z,price_change,0.38,BUY,-200,0.4,0.4200
2026-01-08T02:15:45.105294Z,price_change,0.4,BUY,-1111,0.4,0.4200
2026-01-08T02:15:45.106423Z,price_change,0.4300,SELL,-389,0.4,0.4200
2026-01-08T02:15:45.107273Z,price_change,0.4300,SELL,-200,0.4,0.4200
2026-01-08T02:15:45.109358Z,price_change,0.4,BUY,200,0.4,0.4200
2026-01-08T02:15:45.12198Z,price_change,0.39,BUY,716,0.4,0.4200
2026-01-08T02:15:45.124822Z,price_change,0.4200,SELL,784,0.4,0.4200
2026-01-08T02:15:45.161867Z,price_change,0.4400,SELL,200,0.4,0.4200
2026-01-08T02:15:45.344397Z,price_change,0.38,BUY,-125,0.4,0.4200
2026-01-08T02:15:45.346046Z,price_change,0.4300,SELL,-300,0.4,0.4200
2026-01-08T02:15:45.391527Z,price_change,0.39,BUY,125,0.4,0.4200
2026-01-08T02:15:45.436782Z,price_change,0.4500,SELL,300,0.4,0.4200
2026-01-08T02:15:45.868951Z,price_change,0.4200,SELL,-1812,0.4,0.4200
2026-01-08T02:15:46.047512Z,price_change,0.4200,SELL,13,0.4,0.4200
2026-01-08T02:15:46.060417Z,price_change,0.4200,SELL,-8,0.4,0.4200
2026-01-08T02:15:46.060493Z,price_change,0.4200,SELL,-1,0.4,0.4200
2026-01-08T02:15:46.060493Z,price_change,0.4200,SELL,-1,0.4,0.4200
2026-01-08T02:15:46.060493Z,price_change,0.4200,SELL,-20,0.4,0.4200
1767838546,last_trade_price,0.42,BUY,1,0.4,0.4200
1767838546,last_trade_price,0.42,BUY,1,0.4,0.4200
1767838546,last_trade_price,0.42,BUY,20,0.4,0.4200
2026-01-08T02:15:47.152364Z,price_change,0.4200,SELL,4,0.4,0.4200
2026-01-08T02:15:47.408781Z,price_change,0.4,BUY,-200,0.4,0.4200
2026-01-08T02:15:47.410239Z,price_change,0.4400,SELL,-200,0.4,0.4200
2026-01-08T02:15:47.439767Z,price_change,0.4200,SELL,200,0.4,0.4200
2026-01-08T02:15:47.625189Z,price_change,0.4200,SELL,-45,0.4,0.4200
1767838547,last_trade_price,0.42,BUY,45,0.4,0.4200
2026-01-08T02:15:47.643217Z,price_change,0.39,BUY,-716,0.4,0.4200
2026-01-08T02:15:47.644362Z,price_change,0.4200,SELL,-719,0.4,0.4200
2026-01-08T02:15:47.656085Z,price_change,0.4,BUY,753,0.4,0.4200
2026-01-08T02:15:47.65712Z,price_change,0.4300,SELL,747,0.4,0.4200
2026-01-08T02:15:47.667557Z,price_change,0.4200,SELL,-13,0.4,0.4200
2026-01-08T02:15:47.667557Z,price_change,0.4200,SELL,-4,0.4,0.4200
2026-01-08T02:15:47.667557Z,price_change,0.4200,SELL,-200,0.4,0.4300
1767838547,last_trade_price,0.42,BUY,13,0.4,0.4300
1767838547,last_trade_price,0.42,BUY,4,0.4,0.4300
1767838547,last_trade_price,0.42,BUY,200,0.4,0.4300
2026-01-08T02:15:47.763853Z,price_change,0.4300,SELL,50,0.4,0.4300
2026-01-08T02:15:47.79802Z,price_change,0.4300,SELL,1,0.4,0.4300
2026-01-08T02:15:48.055834Z,price_change,0.4,BUY,200,0.4,0.4300
2026-01-08T02:15:48.089689Z,price_change,0.4400,SELL,200,0.4,0.4300
2026-01-08T02:15:48.114608Z,price_change,0.3,BUY,17,0.4,0.4300
2026-01-08T02:15:48.152707Z,price_change,0.3,BUY,1567,0.4,0.4300
2026-01-08T02:15:48.164687Z,price_change,0.4,BUY,-753,0.4,0.4300
2026-01-08T02:15:48.181424Z,price_change,0.39,BUY,744,0.4,0.4300
2026-01-08T02:15:48.32209Z,price_change,0.4200,SELL,32,0.4,0.4200
2026-01-08T02:15:48.334427Z,price_change,0.4300,SELL,-747,0.4,0.4200
2026-01-08T02:15:48.341113Z,price_change,0.4200,SELL,756,0.4,0.4200
2026-01-08T02:15:48.34926Z,price_change,0.4500,SELL,500,0.4,0.4200
2026-01-08T02:15:48.361645Z,price_change,0.4500,SELL,-500,0.4,0.4200
2026-01-08T02:15:48.419686Z,price_change,0.4300,SELL,-50,0.4,0.4200
2026-01-08T02:15:48.610428Z,price_change,0.4200,SELL,7500,0.4,0.4200
2026-01-08T02:15:48.636463Z,price_change,0.4,BUY,2500,0.4,0.4200
2026-01-08T02:15:48.7334Z,price_change,0.4200,SELL,25,0.4,0.4200
2026-01-08T02:15:48.763941Z,price_change,0.4300,SELL,-1,0.4,0.4200
2026-01-08T02:15:48.763941Z,price_change,0.4200,SELL,1,0.4,0.4200
2026-01-08T02:15:48.811104Z,price_change,0.4,BUY,-200,0.4,0.4200
2026-01-08T02:15:48.83383Z,price_change,0.4400,SELL,-200,0.4,0.4200
2026-01-08T02:15:48.862975Z,price_change,0.4,BUY,-2500,0.4,0.4200
2026-01-08T02:15:48.872551Z,price_change,0.39,BUY,-125,0.4,0.4200
2026-01-08T02:15:48.873791Z,price_change,0.4500,SELL,-300,0.4,0.4200
2026-01-08T02:15:48.989412Z,price_change,0.39,BUY,2500,0.4,0.4200
2026-01-08T02:15:49.007341Z,price_change,0.39,BUY,-473,0.4,0.4200
2026-01-08T02:15:49.043733Z,price_change,0.4,BUY,500,0.4,0.4200
2026-01-08T02:15:49.061607Z,price_change,0.4200,SELL,3,0.4,0.4200
2026-01-08T02:15:49.096475Z,price_change,0.4200,SELL,-32,0.4,0.4200
2026-01-08T02:15:49.096475Z,price_change,0.4200,SELL,-756,0.4,0.4200
2026-01-08T02:15:49.096475Z,price_change,0.4200,SELL,-1030,0.4,0.4200
1767838549,last_trade_price,0.42,BUY,32,0.4,0.4200
1767838549,last_trade_price,0.42,BUY,756,0.4,0.4200
1767838549,last_trade_price,0.42,BUY,1030,0.4,0.4200
2026-01-08T02:15:49.106921Z,price_change,0.4200,SELL,756,0.4,0.4200
2026-01-08T02:15:49.109591Z,price_change,0.39,BUY,-744,0.4,0.4200
2026-01-08T02:15:49.110725Z,price_change,0.4200,SELL,-756,0.4,0.4200
2026-01-08T02:15:49.124205Z,price_change,0.4,BUY,1122,0.4,0.4200
2026-01-08T02:15:49.127909Z,price_change,0.4300,SELL,378,0.4,0.4200
2026-01-08T02:15:49.132161Z,price_change,0.4200,SELL,-6470,0.4,0.4200
2026-01-08T02:15:49.152153Z,price_change,0.4600,SELL,500,0.4,0.4200
2026-01-08T02:15:49.553415Z,price_change,0.4300,SELL,7500,0.4,0.4200
2026-01-08T02:15:49.575369Z,price_change,0.4600,SELL,-500,0.4,0.4200
2026-01-08T02:15:49.925783Z,price_change,0.4300,SELL,-7500,0.4,0.4200
2026-01-08T02:15:49.944277Z,price_change,0.4600,SELL,500,0.4,0.4200
2026-01-08T02:15:49.948513Z,price_change,0.4400,SELL,7500,0.4,0.4200
2026-01-08T02:15:49.983466Z,price_change,0.4600,SELL,-500,0.4,0.4200
2026-01-08T02:15:50.00585Z,price_change,0.4,BUY,-1122,0.4,0.4200
2026-01-08T02:15:50.007242Z,price_change,0.4300,SELL,-378,0.4,0.4200
2026-01-08T02:15:50.018665Z,price_change,0.39,BUY,759,0.4,0.4200
2026-01-08T02:15:50.02028Z,price_change,0.4200,SELL,741,0.4,0.4200
2026-01-08T02:15:50.184315Z,price_change,0.4,BUY,-41,0.4,0.4200
1767838550,last_trade_price,0.6,SELL,41,0.4,0.4200
2026-01-08T02:15:50.209369Z,price_change,0.4400,SELL,-7500,0.4,0.4200
2026-01-08T02:15:50.309233Z,price_change,0.3,BUY,-1567,0.4,0.4200
2026-01-08T02:15:50.320912Z,price_change,0.39,BUY,-759,0.4,0.4200
2026-01-08T02:15:50.321999Z,price_change,0.4200,SELL,-741,0.4,0.4200
2026-01-08T02:15:50.33415Z,price_change,0.4,BUY,759,0.4,0.4200
2026-01-08T02:15:50.335387Z,price_change,0.4300,SELL,741,0.4,0.4200
2026-01-08T02:15:50.35577Z,price_change,0.4200,SELL,7500,0.4,0.4200
2026-01-08T02:15:50.368086Z,price_change,0.3,BUY,-17,0.4,0.4200
2026-01-08T02:15:50.382382Z,price_change,0.33,BUY,1642,0.4,0.4200
2026-01-08T02:15:50.441982Z,price_change,0.33,BUY,18,0.4,0.4200
2026-01-08T02:15:50.446105Z,price_change,0.4200,SELL,-7500,0.4,0.4200
2026-01-08T02:15:50.694371Z,price_change,0.4400,SELL,7500,0.4,0.4200
2026-01-08T02:15:51.075239Z,price_change,0.4200,SELL,50,0.4,0.4200
2026-01-08T02:15:51.084144Z,price_change,0.4400,SELL,200,0.4,0.4200
2026-01-08T02:15:51.137612Z,price_change,0.4,BUY,200,0.4,0.4200
2026-01-08T02:15:51.20059Z,price_change,0.4300,SELL,231,0.4,0.4200
2026-01-08T02:15:51.202483Z,price_change,0.4400,SELL,-7500,0.4,0.4200
2026-01-08T02:15:51.206462Z,price_change,0.4200,SELL,-8,0.4,0.4200
2026-01-08T02:15:51.222231Z,price_change,0.4300,SELL,7500,0.4,0.4200
2026-01-08T02:15:51.231609Z,price_change,0.4200,SELL,-3,0.4,0.4200
2026-01-08T02:15:51.431502Z,price_change,0.39,BUY,125,0.4,0.4200
2026-01-08T02:15:51.433152Z,price_change,0.4500,SELL,300,0.4,0.4200
2026-01-08T02:15:51.452008Z,price_change,0.4200,SELL,-2,0.4,0.4200
1767838551,last_trade_price,0.42,BUY,2,0.4,0.4200
2026-01-08T02:15:51.619414Z,price_change,0.4300,SELL,-7500,0.4,0.4200
2026-01-08T02:15:51.664744Z,price_change,0.39,BUY,-2500,0.4,0.4200
2026-01-08T02:15:51.68785Z,price_change,0.37,BUY,473,0.4,0.4200
2026-01-08T02:15:52.109558Z,price_change,0.4800,SELL,-12,0.4,0.4200
2026-01-08T02:15:52.109558Z,price_change,0.4100,SELL,12,0.4,0.4100
2026-01-08T02:15:52.117814Z,price_change,0.4,BUY,-759,0.4,0.4100
2026-01-08T02:15:52.120617Z,price_change,0.4300,SELL,-741,0.4,0.4100
2026-01-08T02:15:52.131324Z,price_change,0.39,BUY,759,0.4,0.4100
2026-01-08T02:15:52.134402Z,price_change,0.4200,SELL,741,0.4,0.4100
2026-01-08T02:15:52.204235Z,price_change,0.4200,SELL,-50,0.4,0.4100
2026-01-08T02:15:52.450132Z,price_change,0.4100,SELL,50,0.4,0.4100
2026-01-08T02:15:52.578894Z,price_change,0.4200,SELL,3,0.4,0.4100
2026-01-08T02:15:52.755965Z,price_change,0.4200,SELL,5,0.4,0.4100
2026-01-08T02:15:52.787117Z,price_change,0.4200,SELL,-3,0.4,0.4100
2026-01-08T02:15:53.024778Z,price_change,0.4100,SELL,-12,0.4,0.4100
2026-01-08T02:15:53.024778Z,price_change,0.4100,SELL,-38,0.4,0.4100
1767838553,last_trade_price,0.41,BUY,12,0.4,0.4100
1767838553,last_trade_price,0.41,BUY,38,0.4,0.4100
2026-01-08T02:15:53.13095Z,price_change,0.4200,SELL,9,0.4,0.4100
2026-01-08T02:15:53.167046Z,price_change,0.4200,SELL,-5,0.4,0.4100
2026-01-08T02:15:53.21031Z,price_change,0.33,BUY,691,0.4,0.4100
2026-01-08T02:15:53.21266Z,price_change,0.5200,SELL,691,0.4,0.4100
2026-01-08T02:15:53.259898Z,price_change,0.4,BUY,-200,0.4,0.4100
2026-01-08T02:15:53.259952Z,price_change,0.4400,SELL,-200,0.4,0.4100
2026-01-08T02:15:53.312088Z,price_change,0.4100,SELL,200,0.4,0.4100
2026-01-08T02:15:53.319797Z,price_change,0.35,BUY,200,0.4,0.4100
2026-01-08T02:15:53.421321Z,price_change,0.39,BUY,-125,0.4,0.4100
2026-01-08T02:15:53.422456Z,price_change,0.4500,SELL,-300,0.4,0.4100
2026-01-08T02:15:53.466629Z,price_change,0.35,BUY,125,0.4,0.4100
2026-01-08T02:15:53.50606Z,price_change,0.4100,SELL,300,0.4,0.4100
2026-01-08T02:15:53.672505Z,price_change,0.4,BUY,-5000,0.4,0.4100
1767838553,last_trade_price,0.6,SELL,5000,0.4,0.4100
2026-01-08T02:15:53.824244Z,price_change,0.4200,SELL,9,0.4,0.4100
2026-01-08T02:15:53.832115Z,price_change,0.4200,SELL,-9,0.4,0.4100
2026-01-08T02:15:53.859987Z,price_change,0.4100,SELL,7500,0.4,0.4100
2026-01-08T02:15:53.873546Z,price_change,0.39,BUY,-759,0.4,0.4100
2026-01-08T02:15:53.875005Z,price_change,0.4200,SELL,-741,0.4,0.4100
2026-01-08T02:15:53.890834Z,price_change,0.37,BUY,379,0.4,0.4100
2026-01-08T02:15:53.892004Z,price_change,0.4100,SELL,1120,0.4,0.4100
2026-01-08T02:15:53.893755Z,price_change,0.34,BUY,-2000,0.4,0.4100
2026-01-08T02:15:53.895266Z,price_change,0.4900,SELL,-2000,0.4,0.4100
2026-01-08T02:15:53.896068Z,price_change,0.36,BUY,-690,0.4,0.4100
2026-01-08T02:15:53.896898Z,price_change,0.4700,SELL,-690,0.4,0.4100
2026-01-08T02:15:53.920429Z,price_change,0.6000,SELL,11,0.4,0.4100
2026-01-08T02:15:54.074163Z,price_change,0.4100,SELL,-12,0.4,0.4100
2026-01-08T02:15:54.135151Z,price_change,0.4200,SELL,-15,0.4,0.4100
2026-01-08T02:15:54.135151Z,price_change,0.4100,SELL,24,0.4,0.4100
2026-01-08T02:15:54.178642Z,price_change,0.4200,SELL,-9,0.4,0.4100
2026-01-08T02:15:54.227243Z,price_change,0.4100,SELL,-57,0.4,0.4100
1767838554,last_trade_price,0.41,BUY,57,0.4,0.4100
2026-01-08T02:15:54.302567Z,price_change,0.4300,SELL,69000,0.4,0.4100
2026-01-08T02:15:54.321729Z,price_change,0.33,BUY,-1642,0.4,0.4100
2026-01-08T02:15:54.366766Z,price_change,0.4,BUY,-300,0.4,0.4100
1767838554,last_trade_price,0.6,SELL,300,0.4,0.4100
2026-01-08T02:15:54.376006Z,price_change,0.33,BUY,-18,0.4,0.4100
2026-01-08T02:15:54.39553Z,price_change,0.3,BUY,1567,0.4,0.4100
2026-01-08T02:15:54.435849Z,price_change,0.3,BUY,17,0.4,0.4100
2026-01-08T02:15:54.614066Z,price_change,0.4,BUY,-4659,0.4,0.4100
2026-01-08T02:15:54.614066Z,price_change,0.4,BUY,-100,0.4,0.4100
2026-01-08T02:15:54.614066Z,price_change,0.4,BUY,-241,0.4,0.4100
1767838554,last_trade_price,0.6,SELL,4659,0.4,0.4100
1767838554,last_trade_price,0.6,SELL,100,0.4,0.4100
1767838554,last_trade_price,0.6,SELL,241,0.4,0.4100
2026-01-08T02:15:55.07422Z,price_change,0.4200,SELL,-1,0.4,0.4100
2026-01-08T02:15:55.07422Z,price_change,0.4100,SELL,1,0.4,0.4100
2026-01-08T02:15:55.130774Z,price_change,0.35,BUY,-200,0.4,0.4100
2026-01-08T02:15:55.134462Z,price_change,0.4100,SELL,-143,0.4,0.4100
2026-01-08T02:15:55.464319Z,price_change,0.4100,SELL,-300,0.4,0.4100
2026-01-08T02:15:55.465525Z,price_change,0.35,BUY,-125,0.4,0.4100
2026-01-08T02:15:55.562481Z,price_change,0.3,BUY,-17,0.4,0.4100
2026-01-08T02:15:55.605238Z,price_change,0.3,BUY,-1567,0.4,0.4100
2026-01-08T02:15:55.62067Z,price_change,0.28,BUY,18,0.4,0.4100
2026-01-08T02:15:55.68605Z,price_change,0.28,BUY,1611,0.4,0.4100
2026-01-08T02:15:56.000052Z,price_change,0.5200,SELL,-691,0.4,0.4100
2026-01-08T02:15:56.000052Z,price_change,0.33,BUY,-691,0.4,0.4100
2026-01-08T02:15:56.303611Z,price_change,0.4100,SELL,-25,0.4,0.4100
1767838556,last_trade_price,0.41,BUY,25,0.4,0.4100
2026-01-08T02:15:56.837064Z,price_change,0.37,BUY,-473,0.4,0.4100
2026-01-08T02:15:56.853606Z,price_change,0.33,BUY,445,0.4,0.4100
2026-01-08T02:15:56.86119Z,price_change,0.17,BUY,-283,0.4,0.4100
2026-01-08T02:15:56.864493Z,price_change,0.29,BUY,314,0.4,0.4100
2026-01-08T02:15:56.95989Z,price_change,0.4100,SELL,-24,0.4,0.4100
2026-01-08T02:15:57.001316Z,price_change,0.4300,SELL,-69000,0.4,0.4100
2026-01-08T02:15:57.114484Z,price_change,0.4,BUY,-100,0.4,0.4100
1767838557,last_trade_price,0.6,SELL,100,0.4,0.4100
2026-01-08T02:15:57.138159Z,price_change,0.4,BUY,-4,0.4,0.4100
1767838557,last_trade_price,0.6,SELL,4,0.4,0.4100
2026-01-08T02:15:57.249059Z,price_change,0.4,BUY,-155,0.37,0.4100
1767838557,last_trade_price,0.6,SELL,155,0.37,0.4100
2026-01-08T02:15:57.266109Z,price_change,0.37,BUY,-379,0.33,0.4100
2026-01-08T02:15:57.268624Z,price_change,0.4100,SELL,-1120,0.33,0.4100
2026-01-08T02:15:57.276449Z,price_change,0.36,BUY,379,0.36,0.4100
2026-01-08T02:15:57.278944Z,price_change,0.36,BUY,-379,0.33,0.4100
2026-01-08T02:15:57.283545Z,price_change,0.4000,SELL,1120,0.33,0.4000
2026-01-08T02:15:57.287601Z,price_change,0.33,BUY,-20,0.33,0.4000
1767838557,last_trade_price,0.67,SELL,20,0.33,0.4000
2026-01-08T02:15:57.288865Z,price_change,0.33,BUY,379,0.33,0.4000
2026-01-08T02:15:57.290511Z,price_change,0.33,BUY,-379,0.33,0.4000
2026-01-08T02:15:57.299604Z,price_change,0.33,BUY,-329,0.33,0.4000
2026-01-08T02:15:57.301379Z,price_change,0.33,BUY,379,0.33,0.4000
2026-01-08T02:15:57.329051Z,price_change,0.33,BUY,-96,0.33,0.4000
2026-01-08T02:15:57.329051Z,price_change,0.32,BUY,116,0.33,0.4000
2026-01-08T02:15:57.413779Z,price_change,0.34,BUY,26,0.34,0.4000
2026-01-08T02:15:57.415453Z,price_change,0.28,BUY,-1611,0.34,0.4000
2026-01-08T02:15:57.418069Z,price_change,0.32,BUY,-116,0.34,0.4000
2026-01-08T02:15:57.418069Z,price_change,0.31,BUY,440,0.34,0.4000
2026-01-08T02:15:57.426133Z,price_change,0.33,BUY,-379,0.34,0.4000
2026-01-08T02:15:57.442488Z,price_change,0.34,BUY,408,0.34,0.4000
2026-01-08T02:15:57.47427Z,price_change,0.4000,SELL,24,0.34,0.4000
2026-01-08T02:15:57.487265Z,price_change,0.34,BUY,141,0.34,0.4000
2026-01-08T02:15:57.487311Z,price_change,0.28,BUY,1493,0.34,0.4000
2026-01-08T02:15:57.487813Z,price_change,0.34,BUY,141,0.34,0.4000
