timestamp,event_type,price,side,size,best_bid,best_ask
,book,0.4600,BUY,1000,0.4600,0.47
,book,0.47,SELL,6180,0.4600,0.47
2026-01-04T15:09:23.966794Z,price_change,0.42,BUY,500,0.46,0.47
2026-01-04T15:09:27.727383Z,price_change,0.48,SELL,-50,0.46,0.47
,book,0.4600,BUY,1000,0.4600,0.47
,book,0.47,SELL,6180,0.4600,0.47
,book,0.4400,BUY,6305,0.4400,0.45
,book,0.45,SELL,31730,0.4400,0.45
,book,0.4400,BUY,5556,0.4400,0.45
,book,0.45,SELL,30664,0.4400,0.45
,book,0.4400,BUY,1752,0.4400,0.45
,book,0.45,SELL,31209,0.4400,0.45
2026-01-04T15:45:05.867958Z,price_change,0.44,BUY,-1752,0.43,0.45
2026-01-04T15:45:06.742951Z,price_change,0.44999999999999996,SELL,100,0.43,0.44999999999999996
2026-01-04T15:45:06.746049Z,price_change,0.45999999999999996,SELL,-100,0.43,0.44999999999999996
2026-01-04T15:45:07.104243Z,price_change,0.43,BUY,-403,0.43,0.44999999999999996
2026-01-04T15:45:07.129525Z,price_change,0.38,BUY,-206,0.43,0.44999999999999996
2026-01-04T15:45:07.227258Z,price_change,0.42,BUY,403,0.43,0.44999999999999996
2026-01-04T15:45:07.378979Z,price_change,0.44999999999999996,SELL,-534,0.43,0.45
2026-01-04T15:45:07.568111Z,price_change,0.42,BUY,50,0.43,0.45
2026-01-04T15:45:11.59455Z,price_change,0.42,BUY,-403,0.43,0.45
2026-01-04T15:45:11.713507Z,price_change,0.43,BUY,403,0.43,0.45
2026-01-04T15:45:11.737895Z,price_change,0.38,BUY,206,0.43,0.45
2026-01-04T15:45:11.83825Z,price_change,0.42,BUY,-200,0.43,0.45
2026-01-04T15:45:11.885954Z,price_change,0.43,BUY,200,0.43,0.45
2026-01-04T15:45:12.028616Z,price_change,0.44999999999999996,SELL,-200,0.43,0.44999999999999996
2026-01-04T15:45:12.097182Z,price_change,0.45999999999999996,SELL,200,0.43,0.44999999999999996
2026-01-04T15:45:16.614061Z,price_change,0.38,BUY,-750,0.43,0.44999999999999996
2026-01-04T15:45:16.614937Z,price_change,0.5,SELL,-750,0.43,0.44999999999999996
2026-01-04T15:45:19.218588Z,price_change,0.44999999999999996,SELL,-617,0.43,0.45
2026-01-04T15:45:19.230202Z,price_change,0.44999999999999996,SELL,-124,0.43,0.44999999999999996
2026-01-04T15:45:19.358366Z,price_change,0.45999999999999996,SELL,-286,0.43,0.44999999999999996
2026-01-04T15:45:19.412341Z,price_change,0.45999999999999996,SELL,-110,0.43,0.44999999999999996
2026-01-04T15:45:19.413704Z,price_change,0.45999999999999996,SELL,-135,0.43,0.44999999999999996
2026-01-04T15:45:20.719727Z,price_change,0.45999999999999996,SELL,-105,0.43,0.44999999999999996
2026-01-04T15:45:29.801916Z,price_change,0.42,BUY,-50,0.43,0.44999999999999996
2026-01-04T15:45:33.823055Z,price_change,0.42,BUY,50,0.43,0.44999999999999996
2026-01-04T15:45:46.611153Z,price_change,0.43,BUY,1752,0.43,0.44999999999999996
2026-01-04T15:45:51.850755Z,price_change,0.43,BUY,-1,0.43,0.44999999999999996
2026-01-04T15:46:24.389737Z,price_change,0.42,BUY,-50,0.43,0.44999999999999996
2026-01-04T15:46:39.578264Z,price_change,0.42,BUY,50,0.43,0.44999999999999996
2026-01-04T15:46:44.677007Z,price_change,0.43,BUY,-403,0.43,0.44999999999999996
2026-01-04T15:46:44.701209Z,price_change,0.38,BUY,435,0.43,0.44999999999999996
2026-01-04T15:46:44.702715Z,price_change,0.5,SELL,750,0.43,0.44999999999999996
2026-01-04T15:46:45.42797Z,price_change,0.44999999999999996,SELL,84,0.43,0.45
2026-01-04T15:46:45.452726Z,price_change,0.38,BUY,-358,0.43,0.45
2026-01-04T15:46:45.478588Z,price_change,0.47,SELL,-3128,0.43,0.45
2026-01-04T15:46:45.53488Z,price_change,0.45999999999999996,SELL,-135,0.43,0.45
2026-01-04T15:46:45.555169Z,price_change,0.43,BUY,-74,0.43,0.45
2026-01-04T15:46:45.579716Z,price_change,0.38,BUY,-77,0.43,0.45
2026-01-04T15:46:45.579716Z,price_change,0.37,BUY,750,0.43,0.45
2026-01-04T15:46:45.708279Z,price_change,0.42,BUY,-100,0.43,0.45
2026-01-04T15:46:46.100095Z,price_change,0.41,BUY,100,0.43,0.45
2026-01-04T15:46:48.332722Z,price_change,0.43,BUY,30,0.43,0.45
2026-01-04T15:46:48.3651Z,price_change,0.5,SELL,-750,0.43,0.45
2026-01-04T15:46:48.3651Z,price_change,0.49,SELL,21,0.43,0.45
2026-01-04T15:46:50.786661Z,price_change,0.43,BUY,-1752,0.43,0.45
2026-01-04T15:46:50.973123Z,price_change,0.43,BUY,-200,0.43,0.45
2026-01-04T15:46:51.07472Z,price_change,0.42,BUY,200,0.43,0.45
2026-01-04T15:46:51.169113Z,price_change,0.45999999999999996,SELL,-200,0.43,0.45
2026-01-04T15:46:51.356543Z,price_change,0.44999999999999996,SELL,200,0.43,0.44999999999999996
2026-01-04T15:46:54.214504Z,price_change,0.45999999999999996,SELL,136,0.43,0.44999999999999996
2026-01-04T15:47:12.878759Z,price_change,0.44999999999999996,SELL,-25000,0.43,0.45
2026-01-04T15:47:12.878759Z,price_change,0.43999999999999995,SELL,25000,0.43,0.43999999999999995
2026-01-04T15:47:12.907184Z,price_change,0.37,BUY,-71,0.43,0.43999999999999995
2026-01-04T15:47:12.983537Z,price_change,0.47,SELL,-100,0.43,0.43999999999999995
2026-01-04T15:47:16.08965Z,price_change,0.44999999999999996,SELL,-84,0.43,0.43999999999999995
2026-01-04T15:47:16.150043Z,price_change,0.47,SELL,3128,0.43,0.43999999999999995
2026-01-04T15:47:25.006418Z,price_change,0.41,BUY,-500,0.43,0.43999999999999995
2026-01-04T15:47:31.09073Z,price_change,0.42,BUY,-18,0.43,0.43999999999999995
2026-01-04T15:47:31.09073Z,price_change,0.43,BUY,18,0.43,0.43999999999999995
2026-01-04T15:47:31.115646Z,price_change,0.37,BUY,-70,0.43,0.43999999999999995
2026-01-04T15:48:20.748944Z,price_change,0.41,BUY,500,0.43,0.43999999999999995
2026-01-04T15:48:47.339459Z,price_change,0.47,SELL,980,0.43,0.43999999999999995
2026-01-04T15:48:50.846454Z,price_change,0.47,SELL,-973,0.43,0.43999999999999995
2026-01-04T15:49:02.814228Z,price_change,0.47,SELL,973,0.43,0.43999999999999995
2026-01-04T15:49:33.003718Z,price_change,0.41,BUY,-500,0.43,0.43999999999999995
2026-01-04T15:49:44.410397Z,price_change,0.44999999999999996,SELL,113,0.43,0.43999999999999995
2026-01-04T15:49:44.482808Z,price_change,0.45999999999999996,SELL,497,0.43,0.43999999999999995
2026-01-04T15:49:44.551566Z,price_change,0.44999999999999996,SELL,599,0.43,0.43999999999999995
2026-01-04T15:49:53.076847Z,price_change,0.45999999999999996,SELL,101,0.43,0.43999999999999995
2026-01-04T15:49:59.998233Z,price_change,0.41,BUY,500,0.43,0.43999999999999995
2026-01-04T15:50:23.436509Z,price_change,0.4,BUY,108,0.43,0.43999999999999995
2026-01-04T15:50:38.056711Z,price_change,0.42,BUY,-50,0.43,0.43999999999999995
2026-01-04T15:50:50.326883Z,price_change,0.43999999999999995,SELL,-10,0.43,0.43999999999999995
2026-01-04T15:50:50.357037Z,price_change,0.49,SELL,-21,0.43,0.43999999999999995
2026-01-04T15:50:50.357037Z,price_change,0.5,SELL,750,0.43,0.43999999999999995
2026-01-04T15:50:50.358246Z,price_change,0.37,BUY,141,0.43,0.43999999999999995
2026-01-04T15:50:59.714767Z,price_change,0.42,BUY,50,0.43,0.43999999999999995
2026-01-04T15:51:18.104378Z,price_change,0.44999999999999996,SELL,-100,0.43,0.43999999999999995
2026-01-04T15:51:18.104378Z,price_change,0.43999999999999995,SELL,100,0.43,0.43999999999999995
2026-01-04T15:51:20.004356Z,price_change,0.41,BUY,-500,0.43,0.43999999999999995
2026-01-04T15:51:26.363742Z,price_change,0.42,BUY,-576,0.43,0.43999999999999995
2026-01-04T15:51:26.531708Z,price_change,0.42,BUY,-114,0.43,0.43999999999999995
2026-01-04T15:52:12.846588Z,price_change,0.41,BUY,500,0.43,0.43999999999999995
2026-01-04T15:52:53.835622Z,price_change,0.42,BUY,-50,0.43,0.43999999999999995
2026-01-04T15:52:53.88023Z,price_change,0.44999999999999996,SELL,400,0.43,0.43999999999999995
2026-01-04T15:53:13.991454Z,price_change,0.43999999999999995,SELL,-1,0.43,0.43999999999999995
2026-01-04T15:53:24.084316Z,price_change,0.42,BUY,50,0.43,0.43999999999999995
2026-01-04T15:53:42.951905Z,price_change,0.43999999999999995,SELL,-42,0.43,0.43999999999999995
2026-01-04T15:53:53.936919Z,price_change,0.47,SELL,-3128,0.43,0.43999999999999995
2026-01-04T15:53:53.937654Z,price_change,0.47,SELL,-7,0.43,0.43999999999999995
2026-01-04T15:53:53.938639Z,price_change,0.47,SELL,-973,0.43,0.43999999999999995
2026-01-04T15:53:53.978597Z,price_change,0.44999999999999996,SELL,750,0.43,0.43999999999999995
2026-01-04T15:53:58.939181Z,price_change,0.42,BUY,-50,0.43,0.43999999999999995
2026-01-04T15:54:21.058163Z,price_change,0.43999999999999995,SELL,-1,0.43,0.43999999999999995
2026-01-04T15:54:32.652911Z,price_change,0.42,BUY,50,0.43,0.43999999999999995
2026-01-04T15:54:50.655872Z,price_change,0.43999999999999995,SELL,-305,0.43,0.43999999999999995
2026-01-04T15:54:50.704391Z,price_change,0.5,SELL,-750,0.43,0.43999999999999995
2026-01-04T15:54:50.704391Z,price_change,0.49,SELL,71,0.43,0.43999999999999995
2026-01-04T15:55:02.696542Z,price_change,0.43999999999999995,SELL,-2,0.43,0.43999999999999995
2026-01-04T15:55:12.008977Z,price_change,0.41,BUY,-500,0.43,0.43999999999999995
2026-01-04T15:55:28.287826Z,price_change,0.42,BUY,-50,0.43,0.43999999999999995
2026-01-04T15:55:32.452254Z,price_change,0.43999999999999995,SELL,-2,0.43,0.43999999999999995
2026-01-04T15:55:38.470765Z,price_change,0.43999999999999995,SELL,-2,0.43,0.43999999999999995
2026-01-04T15:55:41.521621Z,price_change,0.42,BUY,50,0.43,0.43999999999999995
2026-01-04T15:56:13.981019Z,price_change,0.41,BUY,500,0.43,0.43999999999999995
2026-01-04T15:56:41.763411Z,price_change,0.42,BUY,-50,0.43,0.43999999999999995
2026-01-04T15:58:27.24467Z,price_change,0.42,BUY,50,0.43,0.43999999999999995
2026-01-04T15:58:46.366275Z,price_change,0.43,BUY,-5,0.43,0.43999999999999995
2026-01-04T15:58:46.395577Z,price_change,0.49,SELL,140,0.43,0.43999999999999995
2026-01-04T15:59:13.005381Z,price_change,0.41,BUY,-500,0.43,0.43999999999999995
2026-01-04T15:59:47.035534Z,price_change,0.43999999999999995,SELL,-21,0.43,0.43999999999999995
2026-01-04T15:59:59.000611Z,price_change,0.41,BUY,-500,0.43,0.43999999999999995
2026-01-04T16:00:00.198575Z,price_change,0.44999999999999996,SELL,-200,0.43,0.43999999999999995
2026-01-04T16:00:00.392384Z,price_change,0.42,BUY,-200,0.43,0.43999999999999995
2026-01-04T16:00:00.466634Z,price_change,0.43,BUY,219,0.43,0.43999999999999995
2026-01-04T16:00:00.493214Z,price_change,0.49,SELL,-140,0.43,0.43999999999999995
2026-01-04T16:00:01.162937Z,price_change,0.44999999999999996,SELL,75,0.43,0.43999999999999995
2026-01-04T16:00:09.350365Z,price_change,0.41,BUY,500,0.43,0.43999999999999995
2026-01-04T16:00:25.151568Z,price_change,0.41,BUY,500,0.43,0.43999999999999995
2026-01-04T16:00:50.809871Z,price_change,0.42,BUY,-50,0.43,0.43999999999999995
2026-01-04T16:01:01.134058Z,price_change,0.41,BUY,-100,0.43,0.43999999999999995
2026-01-04T16:01:01.812765Z,price_change,0.45999999999999996,SELL,-75,0.43,0.43999999999999995
2026-01-04T16:01:01.863416Z,price_change,0.45999999999999996,SELL,-497,0.43,0.43999999999999995
2026-01-04T16:01:01.865291Z,price_change,0.45999999999999996,SELL,-5,0.43,0.43999999999999995
2026-01-04T16:01:01.866782Z,price_change,0.45999999999999996,SELL,-101,0.43,0.43999999999999995
2026-01-04T16:01:01.868328Z,price_change,0.45999999999999996,SELL,-136,0.43,0.43999999999999995
2026-01-04T16:01:34.77934Z,price_change,0.22,BUY,-412,0.43,0.43999999999999995
2026-01-04T16:01:34.782495Z,price_change,0.21,BUY,-653,0.43,0.43999999999999995
2026-01-04T16:01:39.109835Z,price_change,0.22,BUY,562,0.43,0.43999999999999995
2026-01-04T16:01:39.110909Z,price_change,0.23,BUY,450,0.43,0.43999999999999995
2026-01-04T16:01:51.87533Z,price_change,0.43999999999999995,SELL,-326,0.43,0.43999999999999995
2026-01-04T16:01:51.906227Z,price_change,0.37,BUY,-750,0.43,0.43999999999999995
2026-01-04T16:01:51.906227Z,price_change,0.36,BUY,750,0.43,0.43999999999999995
2026-01-04T16:01:51.908181Z,price_change,0.49,SELL,-71,0.43,0.43999999999999995
2026-01-04T16:01:51.908181Z,price_change,0.48,SELL,72,0.43,0.43999999999999995
2026-01-04T16:02:16.719686Z,price_change,0.42,BUY,50,0.43,0.43999999999999995
2026-01-04T16:02:23.372411Z,price_change,0.43999999999999995,SELL,-10,0.43,0.43999999999999995
2026-01-04T16:02:42.71703Z,price_change,0.23,BUY,-450,0.43,0.43999999999999995
2026-01-04T16:02:42.718137Z,price_change,0.22,BUY,-562,0.43,0.43999999999999995
2026-01-04T16:02:42.719106Z,price_change,0.21,BUY,655,0.43,0.43999999999999995
2026-01-04T16:02:43.097032Z,price_change,0.43999999999999995,SELL,-2,0.43,0.43999999999999995
2026-01-04T16:03:09.000334Z,price_change,0.41,BUY,-500,0.43,0.43999999999999995
2026-01-04T16:03:25.553938Z,price_change,0.42,BUY,-50,0.43,0.43999999999999995
2026-01-04T16:03:25.55591Z,price_change,0.44999999999999996,SELL,50,0.43,0.43999999999999995
2026-01-04T16:03:38.876955Z,price_change,0.42,BUY,50,0.43,0.43999999999999995
2026-01-04T16:03:39.564585Z,price_change,0.44999999999999996,SELL,-50,0.43,0.43999999999999995
2026-01-04T16:03:56.972331Z,price_change,0.41,BUY,500,0.43,0.43999999999999995
2026-01-04T16:04:03.672979Z,price_change,0.43999999999999995,SELL,-100,0.43,0.43999999999999995
2026-01-04T16:04:08.907626Z,price_change,0.42,BUY,-50,0.43,0.43999999999999995
2026-01-04T16:04:27.729321Z,price_change,0.22,BUY,328,0.43,0.43999999999999995
2026-01-04T16:05:05.925687Z,price_change,0.42,BUY,50,0.43,0.43999999999999995
2026-01-04T16:05:18.463305Z,price_change,0.42,BUY,-50,0.43,0.43999999999999995
2026-01-04T16:05:58.472962Z,price_change,0.41,BUY,-500,0.43,0.43999999999999995
2026-01-04T16:06:02.734535Z,price_change,0.41,BUY,-500,0.43,0.43999999999999995
2026-01-04T16:06:11.719752Z,price_change,0.43999999999999995,SELL,10,0.43,0.43999999999999995
2026-01-04T16:06:11.762355Z,price_change,0.45999999999999996,SELL,-734,0.43,0.43999999999999995
2026-01-04T16:06:16.47357Z,price_change,0.43999999999999995,SELL,-10,0.43,0.43999999999999995
2026-01-04T16:06:16.515157Z,price_change,0.45999999999999996,SELL,734,0.43,0.43999999999999995
2026-01-04T16:06:43.408383Z,price_change,0.43999999999999995,SELL,-2,0.43,0.43999999999999995
2026-01-04T16:07:00.696903Z,price_change,0.43999999999999995,SELL,10000,0.43,0.43999999999999995
2026-01-04T16:07:44.871662Z,price_change,0.43999999999999995,SELL,-10,0.43,0.43999999999999995
2026-01-04T16:07:57.295358Z,price_change,0.4,BUY,500,0.43,0.43999999999999995
2026-01-04T16:08:11.293402Z,price_change,0.42,BUY,50,0.43,0.43999999999999995
2026-01-04T16:08:23.889616Z,price_change,0.42,BUY,-50,0.43,0.43999999999999995
2026-01-04T16:08:24.055672Z,price_change,0.45999999999999996,SELL,-82,0.43,0.43999999999999995
2026-01-04T16:08:25.844937Z,price_change,0.45999999999999996,SELL,82,0.43,0.43999999999999995
2026-01-04T16:08:28.86425Z,price_change,0.45999999999999996,SELL,-82,0.43,0.43999999999999995
2026-01-04T16:08:34.860236Z,price_change,0.45999999999999996,SELL,82,0.43,0.43999999999999995
2026-01-04T16:08:55.466412Z,price_change,0.48,SELL,-40,0.43,0.43999999999999995
2026-01-04T16:08:55.467806Z,price_change,0.43999999999999995,SELL,107,0.43,0.43999999999999995
2026-01-04T16:09:35.115681Z,price_change,0.43999999999999995,SELL,-2,0.43,0.43999999999999995
2026-01-04T16:10:24.202052Z,price_change,0.43999999999999995,SELL,-86,0.43,0.43999999999999995
2026-01-04T16:10:49.972103Z,price_change,0.4,BUY,500,0.43,0.43999999999999995
2026-01-04T16:10:57.000019Z,price_change,0.4,BUY,-500,0.43,0.43999999999999995
2026-01-04T16:11:02.052855Z,price_change,0.43999999999999995,SELL,-398,0.43,0.43999999999999995
2026-01-04T16:11:02.128576Z,price_change,0.33,BUY,6,0.43,0.43999999999999995
2026-01-04T16:11:15.438035Z,price_change,0.43999999999999995,SELL,-19,0.43,0.43999999999999995
2026-01-04T16:11:20.975786Z,price_change,0.41,BUY,13,0.43,0.43999999999999995
2026-01-04T16:11:30.047127Z,price_change,0.41,BUY,7622,0.43,0.43999999999999995
2026-01-04T16:11:30.047438Z,price_change,0.4,BUY,-7812,0.43,0.43999999999999995
2026-01-04T16:11:31.118173Z,price_change,0.43999999999999995,SELL,-100,0.43,0.43999999999999995
2026-01-04T16:11:59.62744Z,price_change,0.4,BUY,500,0.43,0.43999999999999995
2026-01-04T16:12:13.678084Z,price_change,0.43999999999999995,SELL,-43,0.43,0.43999999999999995
2026-01-04T16:13:14.460019Z,price_change,0.42,BUY,50,0.43,0.43999999999999995
2026-01-04T16:13:19.394182Z,price_change,0.44999999999999996,SELL,50,0.43,0.43999999999999995
2026-01-04T16:13:19.394425Z,price_change,0.42,BUY,-50,0.43,0.43999999999999995
2026-01-04T16:14:02.167211Z,price_change,0.44999999999999996,SELL,-50,0.43,0.43999999999999995
2026-01-04T16:14:39.864286Z,price_change,0.43999999999999995,SELL,-2,0.43,0.43999999999999995
2026-01-04T16:14:59.000422Z,price_change,0.4,BUY,-500,0.43,0.43999999999999995
2026-01-04T16:15:20.492808Z,price_change,0.41,BUY,-82,0.43,0.43999999999999995
2026-01-04T16:15:20.49532Z,price_change,0.45999999999999996,SELL,-82,0.43,0.43999999999999995
2026-01-04T16:15:21.483365Z,price_change,0.45999999999999996,SELL,-135,0.43,0.43999999999999995
2026-01-04T16:16:06.113849Z,price_change,0.4,BUY,500,0.43,0.43999999999999995
2026-01-04T16:16:34.697317Z,price_change,0.41,BUY,82,0.43,0.43999999999999995
2026-01-04T16:16:48.834026Z,price_change,0.45999999999999996,SELL,82,0.43,0.43999999999999995
2026-01-04T16:16:52.634715Z,price_change,0.45999999999999996,SELL,134,0.43,0.43999999999999995
2026-01-04T16:17:48.323057Z,price_change,0.41,BUY,-13,0.43,0.43999999999999995
2026-01-04T16:17:59.541895Z,price_change,0.45999999999999996,SELL,-82,0.43,0.43999999999999995
2026-01-04T16:17:59.544046Z,price_change,0.41,BUY,-82,0.43,0.43999999999999995
2026-01-04T16:18:01.81351Z,price_change,0.45999999999999996,SELL,-134,0.43,0.43999999999999995
2026-01-04T16:18:35.550881Z,price_change,0.44999999999999996,SELL,50,0.43,0.43999999999999995
2026-01-04T16:19:05.005882Z,price_change,0.4,BUY,-500,0.43,0.43999999999999995
2026-01-04T16:19:17.431028Z,price_change,0.44999999999999996,SELL,-50,0.43,0.43999999999999995
2026-01-04T16:19:20.537711Z,price_change,0.43999999999999995,SELL,-5434,0.43,0.43999999999999995
2026-01-04T16:19:26.47266Z,price_change,0.43999999999999995,SELL,-4,0.43,0.43999999999999995
2026-01-04T16:19:43.855826Z,price_change,0.41,BUY,82,0.43,0.43999999999999995
2026-01-04T16:19:54.343147Z,price_change,0.45999999999999996,SELL,82,0.43,0.43999999999999995
2026-01-04T16:19:56.88517Z,price_change,0.44999999999999996,SELL,-2000,0.43,0.43999999999999995
2026-01-04T16:19:56.88517Z,price_change,0.45999999999999996,SELL,2000,0.43,0.43999999999999995
2026-01-04T16:19:56.962419Z,price_change,0.4,BUY,-2000,0.43,0.43999999999999995
2026-01-04T16:19:56.962419Z,price_change,0.41,BUY,2000,0.43,0.43999999999999995
2026-01-04T16:19:59.011918Z,price_change,0.44999999999999996,SELL,-3034,0.43,0.43999999999999995
2026-01-04T16:19:59.020277Z,price_change,0.45999999999999996,SELL,5787,0.43,0.43999999999999995
2026-01-04T16:20:04.829808Z,price_change,0.4,BUY,500,0.43,0.43999999999999995
2026-01-04T16:20:24.604718Z,price_change,0.38,BUY,-125,0.43,0.43999999999999995
2026-01-04T16:20:25.116998Z,price_change,0.43999999999999995,SELL,-109,0.43,0.43999999999999995
2026-01-04T16:20:25.914019Z,price_change,0.39,BUY,125,0.43,0.43999999999999995
2026-01-04T16:20:42.953851Z,price_change,0.45999999999999996,SELL,134,0.43,0.43999999999999995
2026-01-04T16:20:49.007285Z,price_change,0.4,BUY,-500,0.43,0.43999999999999995
2026-01-04T16:21:15.657375Z,price_change,0.4,BUY,500,0.43,0.43999999999999995
2026-01-04T16:21:29.879853Z,price_change,0.43999999999999995,SELL,-4249,0.43,0.43999999999999995
2026-01-04T16:22:39.795658Z,price_change,0.43999999999999995,SELL,15000,0.43,0.43999999999999995
2026-01-04T16:22:39.827078Z,price_change,0.48,SELL,-72,0.43,0.43999999999999995
2026-01-04T16:22:39.844877Z,price_change,0.36,BUY,-750,0.43,0.43999999999999995
2026-01-04T16:22:39.844877Z,price_change,0.37,BUY,750,0.43,0.43999999999999995
2026-01-04T16:22:50.93913Z,price_change,0.43999999999999995,SELL,-100,0.43,0.43999999999999995
2026-01-04T16:23:04.001088Z,price_change,0.4,BUY,-500,0.43,0.43999999999999995
2026-01-04T16:23:50.935993Z,price_change,0.44999999999999996,SELL,50,0.43,0.43999999999999995
2026-01-04T16:24:02.640903Z,price_change,0.6,SELL,100,0.43,0.43999999999999995
2026-01-04T16:24:06.440828Z,price_change,0.43999999999999995,SELL,-107,0.43,0.43999999999999995
2026-01-04T16:24:08.874019Z,price_change,0.4,BUY,500,0.43,0.43999999999999995
2026-01-04T16:24:26.0566Z,price_change,0.44999999999999996,SELL,-50,0.43,0.43999999999999995
2026-01-04T16:25:13.851177Z,price_change,0.43999999999999995,SELL,-326,0.43,0.43999999999999995
2026-01-04T16:26:37.111897Z,price_change,0.43,BUY,10,0.43,0.43999999999999995
2026-01-04T16:26:38.134898Z,price_change,0.4,BUY,82,0.43,0.43999999999999995
2026-01-04T16:26:38.136938Z,price_change,0.44999999999999996,SELL,82,0.43,0.43999999999999995
2026-01-04T16:26:38.140026Z,price_change,0.41,BUY,-82,0.43,0.43999999999999995
2026-01-04T16:26:38.467922Z,price_change,0.45999999999999996,SELL,-82,0.43,0.43999999999999995
2026-01-04T16:26:59.731413Z,price_change,0.44999999999999996,SELL,50,0.43,0.43999999999999995
2026-01-04T16:27:00.437262Z,price_change,0.44999999999999996,SELL,-82,0.43,0.43999999999999995
2026-01-04T16:27:00.761761Z,price_change,0.44999999999999996,SELL,82,0.43,0.43999999999999995
2026-01-04T16:27:01.471403Z,price_change,0.45999999999999996,SELL,-134,0.43,0.43999999999999995
2026-01-04T16:27:01.669893Z,price_change,0.44999999999999996,SELL,156,0.43,0.43999999999999995
2026-01-04T16:27:05.724445Z,price_change,0.44999999999999996,SELL,-135,0.43,0.43999999999999995
2026-01-04T16:27:07.939117Z,price_change,0.43999999999999995,SELL,-42,0.43,0.43999999999999995
2026-01-04T16:27:08.000076Z,price_change,0.4,BUY,-500,0.43,0.43999999999999995
2026-01-04T16:27:12.523709Z,price_change,0.45999999999999996,SELL,134,0.43,0.43999999999999995
2026-01-04T16:27:16.240246Z,price_change,0.41,BUY,-500,0.43,0.43999999999999995
2026-01-04T16:27:16.363565Z,price_change,0.48,SELL,-500,0.43,0.43999999999999995
2026-01-04T16:27:16.493246Z,price_change,0.4,BUY,500,0.43,0.43999999999999995
2026-01-04T16:27:16.639614Z,price_change,0.45999999999999996,SELL,500,0.43,0.43999999999999995
2026-01-04T16:27:24.35683Z,price_change,0.44999999999999996,SELL,224,0.43,0.43999999999999995
2026-01-04T16:27:41.025567Z,price_change,0.44999999999999996,SELL,-50,0.43,0.43999999999999995
2026-01-04T16:28:05.220045Z,price_change,0.4,BUY,500,0.43,0.43999999999999995
,book,0.4300,BUY,253,0.4300,0.44
,book,0.44,SELL,38340,0.4300,0.44
2026-01-04T16:29:08.671992Z,price_change,0.43999999999999995,SELL,-108,0.43,0.43999999999999995
2026-01-04T16:29:33.629234Z,price_change,0.44999999999999996,SELL,50,0.43,0.43999999999999995
2026-01-04T16:29:37.429428Z,price_change,0.43999999999999995,SELL,-108,0.43,0.44
2026-01-04T16:30:04.725533Z,price_change,0.44999999999999996,SELL,-50,0.43,0.44
2026-01-04T16:30:17.523987Z,price_change,0.44999999999999996,SELL,50,0.43,0.44
2026-01-04T16:30:56.851688Z,price_change,0.44999999999999996,SELL,-50,0.43,0.44
2026-01-04T16:31:04.001167Z,price_change,0.4,BUY,-500,0.43,0.44
2026-01-04T16:31:15.000961Z,price_change,0.4,BUY,-500,0.43,0.44
2026-01-04T16:31:33.935078Z,price_change,0.43999999999999995,SELL,-21,0.43,0.43999999999999995
2026-01-04T16:31:40.509692Z,price_change,0.4,BUY,500,0.43,0.43999999999999995
2026-01-04T16:31:58.650998Z,price_change,0.43999999999999995,SELL,-1,0.43,0.44
2026-01-04T16:32:05.853662Z,price_change,0.45999999999999996,SELL,82,0.43,0.44
2026-01-04T16:32:05.855053Z,price_change,0.41,BUY,82,0.43,0.44
2026-01-04T16:32:05.859314Z,price_change,0.44999999999999996,SELL,-82,0.43,0.44
2026-01-04T16:32:06.179898Z,price_change,0.4,BUY,-82,0.43,0.44
2026-01-04T16:32:09.187876Z,price_change,0.4,BUY,500,0.43,0.44
2026-01-04T16:32:29.501918Z,price_change,0.45999999999999996,SELL,-134,0.43,0.44
2026-01-04T16:32:30.202378Z,price_change,0.41,BUY,54,0.43,0.44
2026-01-04T16:32:39.983254Z,price_change,0.45999999999999996,SELL,134,0.43,0.44
2026-01-04T16:32:40.067805Z,price_change,0.41,BUY,-54,0.43,0.44
2026-01-04T16:32:40.617297Z,price_change,0.45999999999999996,SELL,-134,0.43,0.44
2026-01-04T16:32:54.007084Z,price_change,0.45999999999999996,SELL,-75,0.43,0.44
2026-01-04T16:32:54.14407Z,price_change,0.44999999999999996,SELL,-75,0.43,0.44
2026-01-04T16:32:54.774118Z,price_change,0.44999999999999996,SELL,75,0.43,0.44
2026-01-04T16:33:05.015776Z,price_change,0.41,BUY,54,0.43,0.44
2026-01-04T16:33:12.512287Z,price_change,0.43,BUY,-10,0.43,0.44
2026-01-04T16:33:14.916229Z,price_change,0.45999999999999996,SELL,100,0.43,0.44
2026-01-04T16:35:03.029821Z,price_change,0.44999999999999996,SELL,50,0.43,0.44
2026-01-04T16:35:08.000188Z,price_change,0.4,BUY,-500,0.43,0.44
2026-01-04T16:35:42.386273Z,price_change,0.44999999999999996,SELL,-50,0.43,0.44
2026-01-04T16:35:54.419439Z,price_change,0.45999999999999996,SELL,134,0.43,0.44
2026-01-04T16:36:04.576717Z,price_change,0.43999999999999995,SELL,-25,0.43,0.43999999999999995
2026-01-04T16:36:13.912215Z,price_change,0.4,BUY,500,0.43,0.43999999999999995
2026-01-04T16:36:29.202042Z,price_change,0.43999999999999995,SELL,-3,0.43,0.44
2026-01-04T16:36:55.507423Z,price_change,0.43999999999999995,SELL,-109,0.43,0.43999999999999995
2026-01-04T16:37:10.187234Z,price_change,0.43999999999999995,SELL,-10000,0.43,0.44
2026-01-04T16:37:10.213345Z,price_change,0.48,SELL,21,0.43,0.44
2026-01-04T16:38:15.922032Z,price_change,0.43,BUY,-6,0.43,0.44
2026-01-04T16:38:15.922032Z,price_change,0.43,BUY,-18,0.43,0.44
2026-01-04T16:38:15.922032Z,price_change,0.43,BUY,-27,0.43,0.44
2026-01-04T16:38:27.919263Z,price_change,0.45999999999999996,SELL,3889,0.43,0.44
2026-01-04T16:38:28.245493Z,price_change,0.41,BUY,-54,0.43,0.44
2026-01-04T16:38:28.343163Z,price_change,0.45999999999999996,SELL,476,0.43,0.44
2026-01-04T16:38:36.502527Z,price_change,0.45999999999999996,SELL,934,0.43,0.44
2026-01-04T16:38:37.737863Z,price_change,0.44999999999999996,SELL,50,0.43,0.44
2026-01-04T16:38:41.542999Z,price_change,0.43999999999999995,SELL,-21,0.43,0.43999999999999995
2026-01-04T16:38:41.573014Z,price_change,0.48,SELL,-21,0.43,0.43999999999999995
2026-01-04T16:38:49.352245Z,price_change,0.4,BUY,8000,0.43,0.43999999999999995
2026-01-04T16:38:49.396569Z,price_change,0.45999999999999996,SELL,8000,0.43,0.43999999999999995
2026-01-04T16:38:49.471797Z,price_change,0.41,BUY,-5550,0.43,0.43999999999999995
2026-01-04T16:38:49.474892Z,price_change,0.47,SELL,-5550,0.43,0.43999999999999995
2026-01-04T16:38:53.579053Z,price_change,0.43999999999999995,SELL,-21,0.43,0.44
2026-01-04T16:39:06.270187Z,price_change,0.45999999999999996,SELL,-934,0.43,0.44
2026-01-04T16:39:10.393622Z,price_change,0.43999999999999995,SELL,-27,0.43,0.43999999999999995
2026-01-04T16:39:13.001002Z,price_change,0.4,BUY,-500,0.43,0.43999999999999995
2026-01-04T16:39:17.501093Z,price_change,0.43999999999999995,SELL,-4,0.43,0.44
2026-01-04T16:39:18.187297Z,price_change,0.45999999999999996,SELL,-476,0.43,0.44
2026-01-04T16:39:18.192363Z,price_change,0.45999999999999996,SELL,-3889,0.43,0.44
2026-01-04T16:39:18.502034Z,price_change,0.41,BUY,100,0.43,0.44
2026-01-04T16:39:18.641443Z,price_change,0.45999999999999996,SELL,-134,0.43,0.44
2026-01-04T16:39:19.282166Z,price_change,0.44999999999999996,SELL,-50,0.43,0.44
2026-01-04T16:39:19.76648Z,price_change,0.42,BUY,50,0.43,0.44
2026-01-04T16:39:30.225207Z,price_change,0.41,BUY,-7622,0.43,0.44
2026-01-04T16:39:30.22617Z,price_change,0.42,BUY,11190,0.43,0.44
2026-01-04T16:40:01.075229Z,price_change,0.4,BUY,-500,0.43,0.44
2026-01-04T16:40:10.885406Z,price_change,0.43999999999999995,SELL,-12792,0.43,0.43999999999999995
2026-01-04T16:40:10.885406Z,price_change,0.44999999999999996,SELL,12792,0.43,0.43999999999999995
2026-01-04T16:40:10.910627Z,price_change,0.48,SELL,21,0.43,0.43999999999999995
2026-01-04T16:40:11.023573Z,price_change,0.43999999999999995,SELL,-15000,0.43,0.44
2026-01-04T16:40:11.023573Z,price_change,0.44999999999999996,SELL,15000,0.43,0.44
2026-01-04T16:40:11.081156Z,price_change,0.43999999999999995,SELL,-100,0.43,0.43999999999999995
2026-01-04T16:40:11.081156Z,price_change,0.44999999999999996,SELL,100,0.43,0.43999999999999995
2026-01-04T16:40:11.25304Z,price_change,0.43,BUY,-192,0.42,0.43999999999999995
2026-01-04T16:40:11.276007Z,price_change,0.44,BUY,192,0.44,0.43999999999999995
2026-01-04T16:40:11.524402Z,price_change,0.42,BUY,-50,0.44,0.43999999999999995
2026-01-04T16:40:11.966155Z,price_change,0.4,BUY,100,0.44,0.43999999999999995
2026-01-04T16:40:11.971246Z,price_change,0.47,SELL,100,0.44,0.43999999999999995
2026-01-04T16:40:12.079434Z,price_change,0.44999999999999996,SELL,-75,0.44,0.43999999999999995
2026-01-04T16:40:12.498536Z,price_change,0.45999999999999996,SELL,-100,0.44,0.43999999999999995
2026-01-04T16:40:13.085497Z,price_change,0.47,SELL,-100,0.44,0.43999999999999995
2026-01-04T16:40:13.177477Z,price_change,0.41,BUY,-100,0.44,0.43999999999999995
2026-01-04T16:40:13.27151Z,price_change,0.4,BUY,-100,0.44,0.43999999999999995
2026-01-04T16:40:13.920691Z,price_change,0.45999999999999996,SELL,75,0.44,0.43999999999999995
2026-01-04T16:40:15.613039Z,price_change,0.4,BUY,500,0.44,0.43999999999999995
2026-01-04T16:40:18.603601Z,price_change,0.45999999999999996,SELL,100,0.44,0.43999999999999995
2026-01-04T16:40:18.604471Z,price_change,0.44999999999999996,SELL,-100,0.44,0.43999999999999995
2026-01-04T16:40:18.628821Z,price_change,0.48,SELL,-21,0.44,0.43999999999999995
2026-01-04T16:40:18.628821Z,price_change,0.49,SELL,72,0.44,0.43999999999999995
2026-01-04T16:40:23.399102Z,price_change,0.44999999999999996,SELL,40,0.44,0.43999999999999995
2026-01-04T16:40:23.406015Z,price_change,0.47,SELL,100,0.44,0.43999999999999995
2026-01-04T16:40:34.660647Z,price_change,0.39,BUY,-125,0.44,0.43999999999999995
2026-01-04T16:40:37.435407Z,price_change,0.4,BUY,125,0.44,0.43999999999999995
2026-01-04T16:41:03.422471Z,price_change,0.45999999999999996,SELL,50,0.44,0.43999999999999995
2026-01-04T16:41:04.016036Z,price_change,0.44999999999999996,SELL,-113,0.44,0.43999999999999995
2026-01-04T16:41:04.016036Z,price_change,0.44999999999999996,SELL,-312,0.44,0.43999999999999995
2026-01-04T16:41:04.165228Z,price_change,0.44999999999999996,SELL,764,0.44,0.43999999999999995
2026-01-04T16:41:23.424866Z,price_change,0.44999999999999996,SELL,-74,0.44,0.43999999999999995
2026-01-04T16:41:38.83303Z,price_change,0.44999999999999996,SELL,-53,0.44,0.43999999999999995
2026-01-04T16:41:38.860495Z,price_change,0.49,SELL,-72,0.44,0.43999999999999995
2026-01-04T16:41:38.860495Z,price_change,0.5,SELL,489,0.44,0.43999999999999995
2026-01-04T16:41:44.003724Z,price_change,0.44999999999999996,SELL,-54,0.44,0.43999999999999995
2026-01-04T16:41:46.614837Z,price_change,0.45999999999999996,SELL,-50,0.44,0.43999999999999995
2026-01-04T16:41:47.012973Z,price_change,0.44999999999999996,SELL,-106,0.44,0.43999999999999995
2026-01-04T16:41:47.012973Z,price_change,0.44999999999999996,SELL,-149,0.44,0.43999999999999995
2026-01-04T16:41:47.099864Z,price_change,0.44999999999999996,SELL,133,0.44,0.43999999999999995
2026-01-04T16:41:47.1792Z,price_change,0.44999999999999996,SELL,3894,0.44,0.43999999999999995
2026-01-04T16:41:47.205291Z,price_change,0.5,SELL,-489,0.44,0.43999999999999995
2026-01-04T16:41:47.22748Z,price_change,0.44999999999999996,SELL,-133,0.44,0.43999999999999995
2026-01-04T16:41:54.193391Z,price_change,0.45999999999999996,SELL,134,0.44,0.43999999999999995
2026-01-04T16:41:55.979837Z,price_change,0.45999999999999996,SELL,-75,0.44,0.43999999999999995
2026-01-04T16:41:56.159544Z,price_change,0.44999999999999996,SELL,-40,0.44,0.43999999999999995
2026-01-04T16:41:56.250847Z,price_change,0.47,SELL,-100,0.44,0.43999999999999995
2026-01-04T16:41:57.066496Z,price_change,0.44999999999999996,SELL,40,0.44,0.43999999999999995
2026-01-04T16:41:57.075433Z,price_change,0.45999999999999996,SELL,75,0.44,0.43999999999999995
2026-01-04T16:42:00.982796Z,price_change,0.45999999999999996,SELL,-82,0.44,0.43999999999999995
2026-01-04T16:42:01.269635Z,price_change,0.45999999999999996,SELL,82,0.44,0.43999999999999995
2026-01-04T16:42:06.443351Z,price_change,0.45999999999999996,SELL,-82,0.44,0.43999999999999995
2026-01-04T16:42:06.543875Z,price_change,0.47,SELL,100,0.44,0.43999999999999995
2026-01-04T16:42:08.916832Z,price_change,0.48,SELL,-212,0.44,0.43999999999999995
2026-01-04T16:42:09.010442Z,price_change,0.44999999999999996,SELL,3620,0.44,0.43999999999999995
2026-01-04T16:42:09.073034Z,price_change,0.39,BUY,3796,0.44,0.43999999999999995
2026-01-04T16:42:09.081514Z,price_change,0.39,BUY,822,0.44,0.43999999999999995
2026-01-04T16:42:09.270891Z,price_change,0.44999999999999996,SELL,-40,0.44,0.43999999999999995
2026-01-04T16:42:09.325525Z,price_change,0.45999999999999996,SELL,82,0.44,0.43999999999999995
2026-01-04T16:42:09.363969Z,price_change,0.45999999999999996,SELL,-75,0.44,0.43999999999999995
2026-01-04T16:42:09.543712Z,price_change,0.47,SELL,-100,0.44,0.43999999999999995
2026-01-04T16:42:10.247661Z,price_change,0.45999999999999996,SELL,75,0.44,0.43999999999999995
2026-01-04T16:42:12.673223Z,price_change,0.45999999999999996,SELL,-100,0.44,0.43999999999999995
2026-01-04T16:42:12.674502Z,price_change,0.44999999999999996,SELL,100,0.44,0.43999999999999995
2026-01-04T16:42:13.293168Z,price_change,0.44999999999999996,SELL,694,0.44,0.43999999999999995
2026-01-04T16:42:13.294734Z,price_change,0.45999999999999996,SELL,477,0.44,0.43999999999999995
2026-01-04T16:42:13.640298Z,price_change,0.45999999999999996,SELL,-500,0.44,0.43999999999999995
2026-01-04T16:42:13.730934Z,price_change,0.4,BUY,-500,0.44,0.43999999999999995
2026-01-04T16:42:13.838718Z,price_change,0.41,BUY,500,0.44,0.43999999999999995
2026-01-04T16:42:13.948476Z,price_change,0.44999999999999996,SELL,500,0.44,0.43999999999999995
2026-01-04T16:42:15.283383Z,price_change,0.45999999999999996,SELL,3888,0.44,0.43999999999999995
2026-01-04T16:42:17.923253Z,price_change,0.44999999999999996,SELL,82,0.44,0.43999999999999995
2026-01-04T16:42:18.278761Z,price_change,0.45999999999999996,SELL,-82,0.44,0.43999999999999995
2026-01-04T16:42:19.743356Z,price_change,0.41,BUY,-500,0.44,0.43999999999999995
2026-01-04T16:42:19.846126Z,price_change,0.44999999999999996,SELL,40,0.44,0.43999999999999995
2026-01-04T16:42:19.848644Z,price_change,0.47,SELL,100,0.44,0.43999999999999995
2026-01-04T16:42:19.945758Z,price_change,0.39,BUY,500,0.44,0.43999999999999995
2026-01-04T16:42:21.336102Z,price_change,0.45999999999999996,SELL,50,0.44,0.43999999999999995
2026-01-04T16:42:27.917204Z,price_change,0.42,BUY,-11190,0.44,0.43999999999999995
2026-01-04T16:42:27.918441Z,price_change,0.41,BUY,11463,0.44,0.43999999999999995
2026-01-04T16:42:27.936791Z,price_change,0.22,BUY,-328,0.44,0.43999999999999995
2026-01-04T16:42:27.939357Z,price_change,0.21,BUY,-655,0.44,0.43999999999999995
2026-01-04T16:42:27.940481Z,price_change,0.41,BUY,604,0.44,0.43999999999999995
2026-01-04T16:42:28.143263Z,price_change,0.44,BUY,-192,0.41,0.43999999999999995
2026-01-04T16:42:28.163295Z,price_change,0.21,BUY,458,0.41,0.43999999999999995
2026-01-04T16:42:28.188313Z,price_change,0.45999999999999996,SELL,-75,0.41,0.43999999999999995
2026-01-04T16:42:28.334025Z,price_change,0.43,BUY,192,0.43,0.43999999999999995
2026-01-04T16:42:28.370939Z,price_change,0.44999999999999996,SELL,-40,0.43,0.43999999999999995
2026-01-04T16:42:28.462832Z,price_change,0.47,SELL,-100,0.43,0.43999999999999995
2026-01-04T16:42:29.425189Z,price_change,0.45999999999999996,SELL,75,0.43,0.43999999999999995
2026-01-04T16:42:29.676221Z,price_change,0.39,BUY,-500,0.43,0.43999999999999995
2026-01-04T16:42:29.715557Z,price_change,0.43999999999999995,SELL,3546,0.43,0.43999999999999995
2026-01-04T16:42:29.753022Z,price_change,0.45999999999999996,SELL,-50,0.43,0.43999999999999995
2026-01-04T16:42:29.763699Z,price_change,0.43999999999999995,SELL,708,0.43,0.43999999999999995
2026-01-04T16:42:29.79458Z,price_change,0.41,BUY,500,0.43,0.43999999999999995
2026-01-04T16:42:29.983312Z,price_change,0.44999999999999996,SELL,-100,0.43,0.43999999999999995
2026-01-04T16:42:29.983312Z,price_change,0.43999999999999995,SELL,100,0.43,0.43999999999999995
2026-01-04T16:42:37.682881Z,price_change,0.45999999999999996,SELL,958,0.43,0.43999999999999995
2026-01-04T16:42:37.803554Z,price_change,0.4,BUY,-125,0.43,0.43999999999999995
2026-01-04T16:42:39.147936Z,price_change,0.38,BUY,125,0.43,0.43999999999999995
2026-01-04T16:42:39.397201Z,price_change,0.44999999999999996,SELL,75,0.43,0.43999999999999995
2026-01-04T16:42:49.422471Z,price_change,0.41,BUY,11,0.43,0.43999999999999995
2026-01-04T16:42:52.521255Z,price_change,0.43999999999999995,SELL,-10,0.43,0.43999999999999995
2026-01-04T16:43:06.304639Z,price_change,0.44999999999999996,SELL,814,0.43,0.43999999999999995
2026-01-04T16:43:15.002026Z,price_change,0.4,BUY,-500,0.43,0.43999999999999995
2026-01-04T16:43:15.19479Z,price_change,0.4,BUY,82,0.43,0.43999999999999995
2026-01-04T16:43:15.2012Z,price_change,0.41,BUY,-82,0.43,0.43999999999999995
2026-01-04T16:43:26.74719Z,price_change,0.44999999999999996,SELL,-12792,0.43,0.43999999999999995
2026-01-04T16:43:26.74719Z,price_change,0.43999999999999995,SELL,12792,0.43,0.43999999999999995
2026-01-04T16:43:26.747755Z,price_change,0.44999999999999996,SELL,-15000,0.43,0.43999999999999995
2026-01-04T16:43:26.747755Z,price_change,0.43999999999999995,SELL,15000,0.43,0.43999999999999995
2026-01-04T16:43:42.193615Z,price_change,0.43999999999999995,SELL,-345,0.43,0.43999999999999995
2026-01-04T16:43:47.409558Z,price_change,0.44999999999999996,SELL,50,0.43,0.43999999999999995
2026-01-04T16:43:56.686082Z,price_change,0.41,BUY,-604,0.43,0.43999999999999995
2026-01-04T16:43:58.938603Z,price_change,0.43999999999999995,SELL,-3191,0.43,0.43999999999999995
2026-01-04T16:43:58.938603Z,price_change,0.43999999999999995,SELL,-708,0.43,0.43999999999999995
2026-01-04T16:43:58.938603Z,price_change,0.43999999999999995,SELL,-100,0.43,0.43999999999999995
2026-01-04T16:43:58.938603Z,price_change,0.43999999999999995,SELL,-374,0.43,0.43999999999999995
2026-01-04T16:43:59.692346Z,price_change,0.43999999999999995,SELL,100,0.43,0.43999999999999995
2026-01-04T16:44:04.095215Z,price_change,0.45999999999999996,SELL,-477,0.43,0.43999999999999995
2026-01-04T16:44:04.140575Z,price_change,0.45999999999999996,SELL,-3408,0.43,0.43999999999999995
2026-01-04T16:44:04.184397Z,price_change,0.45999999999999996,SELL,-481,0.43,0.43999999999999995
2026-01-04T16:44:04.438334Z,price_change,0.45999999999999996,SELL,-480,0.43,0.43999999999999995
2026-01-04T16:44:04.442162Z,price_change,0.44999999999999996,SELL,-814,0.43,0.43999999999999995
2026-01-04T16:44:04.442899Z,price_change,0.44999999999999996,SELL,-694,0.43,0.43999999999999995
2026-01-04T16:44:04.448205Z,price_change,0.47,SELL,-688,0.43,0.43999999999999995
2026-01-04T16:44:04.48664Z,price_change,0.44999999999999996,SELL,-2820,0.43,0.43999999999999995
2026-01-04T16:44:04.532218Z,price_change,0.45999999999999996,SELL,-118,0.43,0.43999999999999995
2026-01-04T16:44:04.542854Z,price_change,0.45999999999999996,SELL,-540,0.43,0.43999999999999995
2026-01-04T16:44:04.548874Z,price_change,0.4,BUY,-82,0.43,0.43999999999999995
2026-01-04T16:44:04.551717Z,price_change,0.44999999999999996,SELL,-82,0.43,0.43999999999999995
2026-01-04T16:44:04.585874Z,price_change,0.4,BUY,-553,0.43,0.43999999999999995
2026-01-04T16:44:04.603956Z,price_change,0.41,BUY,-642,0.43,0.43999999999999995
2026-01-04T16:44:04.814699Z,price_change,0.41,BUY,-2000,0.43,0.43999999999999995
2026-01-04T16:44:04.816865Z,price_change,0.45999999999999996,SELL,-2000,0.43,0.43999999999999995
2026-01-04T16:44:05.058373Z,price_change,0.47,SELL,-128,0.43,0.43999999999999995
2026-01-04T16:44:05.101731Z,price_change,0.45999999999999996,SELL,-104,0.43,0.43999999999999995
2026-01-04T16:44:05.132832Z,price_change,0.41,BUY,-122,0.43,0.43999999999999995
2026-01-04T16:44:05.256903Z,price_change,0.44999999999999996,SELL,-764,0.43,0.43999999999999995
2026-01-04T16:44:05.287017Z,price_change,0.4,BUY,-108,0.43,0.43999999999999995
2026-01-04T16:44:05.338466Z,price_change,0.39,BUY,-822,0.43,0.43999999999999995
2026-01-04T16:44:05.477796Z,price_change,0.39,BUY,-3796,0.43,0.43999999999999995
2026-01-04T16:44:05.574681Z,price_change,0.44999999999999996,SELL,-3894,0.43,0.43999999999999995
2026-01-04T16:44:05.938891Z,price_change,0.43999999999999995,SELL,-10,0.43,0.43999999999999995
2026-01-04T16:44:05.965273Z,price_change,0.49,SELL,21,0.43,0.43999999999999995
2026-01-04T16:44:06.591569Z,price_change,0.45999999999999996,SELL,-135,0.43,0.43999999999999995
2026-01-04T16:44:12.950529Z,price_change,0.4,BUY,500,0.43,0.43999999999999995
2026-01-04T16:44:13.161753Z,price_change,0.41,BUY,-11463,0.43,0.43999999999999995
2026-01-04T16:44:13.16271Z,price_change,0.45999999999999996,SELL,-5787,0.43,0.43999999999999995
2026-01-04T16:44:13.181862Z,price_change,0.22,BUY,554,0.43,0.43999999999999995
2026-01-04T16:44:13.399862Z,price_change,0.44999999999999996,SELL,-50,0.43,0.43999999999999995
2026-01-04T16:44:16.162393Z,price_change,0.38,BUY,-125,0.43,0.43999999999999995
2026-01-04T16:44:19.219225Z,price_change,0.39,BUY,125,0.43,0.43999999999999995
2026-01-04T16:44:26.810668Z,price_change,0.43999999999999995,SELL,-37,0.43,0.43999999999999995
2026-01-04T16:44:26.834998Z,price_change,0.37,BUY,-741,0.43,0.43999999999999995
2026-01-04T16:44:37.407903Z,price_change,0.45999999999999996,SELL,826,0.43,0.43999999999999995
2026-01-04T16:44:37.588396Z,price_change,0.43999999999999995,SELL,-10,0.43,0.43999999999999995
2026-01-04T16:44:40.902529Z,price_change,0.43999999999999995,SELL,-1,0.43,0.43999999999999995
2026-01-04T16:44:42.520529Z,price_change,0.4,BUY,-500,0.43,0.43999999999999995
2026-01-04T16:44:49.187613Z,price_change,0.45999999999999996,SELL,4365,0.43,0.43999999999999995
2026-01-04T16:44:49.328552Z,price_change,0.41,BUY,3880,0.43,0.43999999999999995
2026-01-04T16:44:49.330456Z,price_change,0.4,BUY,3593,0.43,0.43999999999999995
2026-01-04T16:44:49.411436Z,price_change,0.45999999999999996,SELL,3578,0.43,0.43999999999999995
2026-01-04T16:44:49.41228Z,price_change,0.44999999999999996,SELL,721,0.43,0.43999999999999995
2026-01-04T16:44:49.488788Z,price_change,0.45999999999999996,SELL,3151,0.43,0.43999999999999995
2026-01-04T16:44:49.492882Z,price_change,0.44999999999999996,SELL,3838,0.43,0.43999999999999995
2026-01-04T16:44:49.830874Z,price_change,0.41,BUY,759,0.43,0.43999999999999995
2026-01-04T16:44:49.852005Z,price_change,0.4,BUY,718,0.43,0.43999999999999995
2026-01-04T16:44:49.889882Z,price_change,0.44999999999999996,SELL,744,0.43,0.43999999999999995
2026-01-04T16:44:49.896289Z,price_change,0.45999999999999996,SELL,640,0.43,0.43999999999999995
2026-01-04T16:44:51.038968Z,price_change,0.45999999999999996,SELL,2000,0.43,0.43999999999999995
2026-01-04T16:44:51.044269Z,price_change,0.41,BUY,2000,0.43,0.43999999999999995
2026-01-04T16:44:57.150188Z,price_change,0.45999999999999996,SELL,652,0.43,0.43999999999999995
2026-01-04T16:44:58.403032Z,price_change,0.41,BUY,11463,0.43,0.43999999999999995
2026-01-04T16:44:58.47409Z,price_change,0.45999999999999996,SELL,8704,0.43,0.43999999999999995
2026-01-04T16:45:01.216892Z,price_change,0.44999999999999996,SELL,-604,0.43,0.43999999999999995
2026-01-04T16:45:11.651323Z,price_change,0.39,BUY,-125,0.43,0.43999999999999995
2026-01-04T16:45:13.125664Z,price_change,0.43999999999999995,SELL,-102,0.43,0.43999999999999995
2026-01-04T16:45:13.151532Z,price_change,0.37,BUY,-2,0.43,0.43999999999999995
2026-01-04T16:45:13.153242Z,price_change,0.49,SELL,-21,0.43,0.43999999999999995
2026-01-04T16:45:17.998496Z,price_change,0.38,BUY,125,0.43,0.43999999999999995
2026-01-04T16:45:23.635996Z,price_change,0.43999999999999995,SELL,-8,0.43,0.43999999999999995
2026-01-04T16:45:27.552399Z,price_change,0.44999999999999996,SELL,50,0.43,0.43999999999999995
2026-01-04T16:45:40.782339Z,price_change,0.44999999999999996,SELL,8000,0.43,0.43999999999999995
2026-01-04T16:45:40.785569Z,price_change,0.45999999999999996,SELL,-8000,0.43,0.43999999999999995
2026-01-04T16:45:58.127489Z,price_change,0.44999999999999996,SELL,-50,0.43,0.43999999999999995
2026-01-04T16:45:58.768532Z,price_change,0.43999999999999995,SELL,-21,0.43,0.43999999999999995
2026-01-04T16:45:58.798674Z,price_change,0.37,BUY,-7,0.43,0.43999999999999995
2026-01-04T16:45:58.798674Z,price_change,0.36,BUY,750,0.43,0.43999999999999995
2026-01-04T16:46:06.629887Z,price_change,0.44999999999999996,SELL,50,0.43,0.43999999999999995
2026-01-04T16:46:12.901525Z,price_change,0.43,BUY,-16,0.43,0.43999999999999995
2026-01-04T16:46:26.800435Z,price_change,0.43999999999999995,SELL,20,0.43,0.43999999999999995
2026-01-04T16:46:36.637598Z,price_change,0.44999999999999996,SELL,-50,0.43,0.43999999999999995
2026-01-04T16:46:46.82131Z,price_change,0.43999999999999995,SELL,80,0.43,0.43999999999999995
2026-01-04T16:47:13.831607Z,price_change,0.42,BUY,30,0.43,0.43999999999999995
2026-01-04T16:47:39.371489Z,price_change,0.43999999999999995,SELL,-108,0.43,0.43999999999999995
2026-01-04T16:47:56.79119Z,price_change,0.43999999999999995,SELL,-52,0.43,0.43999999999999995
2026-01-04T16:48:11.170648Z,price_change,0.15,BUY,66,0.43,0.43999999999999995
2026-01-04T16:48:11.501726Z,price_change,0.39,BUY,500,0.43,0.43999999999999995
2026-01-04T16:48:52.809266Z,price_change,0.43999999999999995,SELL,-240,0.43,0.43999999999999995
2026-01-04T16:48:56.308255Z,price_change,0.44999999999999996,SELL,50,0.43,0.43999999999999995
2026-01-04T16:49:17.51528Z,price_change,0.43999999999999995,SELL,-434,0.43,0.43999999999999995
2026-01-04T16:49:32.896224Z,price_change,0.5,SELL,52,0.43,0.43999999999999995
2026-01-04T16:49:34.510693Z,price_change,0.44999999999999996,SELL,-50,0.43,0.43999999999999995
2026-01-04T16:49:41.15403Z,price_change,0.33,BUY,1100,0.43,0.43999999999999995
2026-01-04T16:49:59.06691Z,price_change,0.33,BUY,-1100,0.43,0.43999999999999995
2026-01-04T16:50:00.003502Z,price_change,0.15,BUY,-620,0.43,0.43999999999999995
2026-01-04T16:50:00.003502Z,price_change,0.76,SELL,-620,0.43,0.43999999999999995
2026-01-04T16:50:00.971618Z,price_change,0.39,BUY,-500,0.43,0.43999999999999995
2026-01-04T16:50:53.076964Z,price_change,0.43999999999999995,SELL,-217,0.43,0.43999999999999995
2026-01-04T16:51:05.007376Z,price_change,0.44999999999999996,SELL,50,0.43,0.43999999999999995
2026-01-04T16:51:08.031089Z,price_change,0.43,BUY,-80,0.43,0.43999999999999995
2026-01-04T16:51:08.102141Z,price_change,0.39,BUY,4155,0.43,0.43999999999999995
2026-01-04T16:51:08.108006Z,price_change,0.43999999999999995,SELL,3548,0.43,0.43999999999999995
2026-01-04T16:51:08.136414Z,price_change,0.41,BUY,-11,0.43,0.43999999999999995
2026-01-04T16:51:08.171068Z,price_change,0.44999999999999996,SELL,3515,0.43,0.43999999999999995
2026-01-04T16:51:08.259975Z,price_change,0.41,BUY,-3880,0.43,0.43999999999999995
2026-01-04T16:51:37.944929Z,price_change,0.43999999999999995,SELL,742,0.43,0.43999999999999995
2026-01-04T16:51:37.951574Z,price_change,0.39,BUY,852,0.43,0.43999999999999995
2026-01-04T16:51:38.117585Z,price_change,0.43,BUY,-96,0.42,0.43999999999999995
2026-01-04T16:51:38.182286Z,price_change,0.42,BUY,96,0.42,0.43999999999999995
2026-01-04T16:51:38.332429Z,price_change,0.4,BUY,100,0.42,0.43999999999999995
2026-01-04T16:51:38.964219Z,price_change,0.43999999999999995,SELL,-80,0.42,0.43999999999999995
2026-01-04T16:51:38.96463Z,price_change,0.43999999999999995,SELL,100,0.42,0.43999999999999995
2026-01-04T16:51:38.965112Z,price_change,0.43999999999999995,SELL,-20,0.42,0.43999999999999995
2026-01-04T16:51:38.965856Z,price_change,0.44999999999999996,SELL,-100,0.42,0.43999999999999995
2026-01-04T16:51:39.011596Z,price_change,0.43000000000000005,SELL,100,0.42,0.43000000000000005
2026-01-04T16:51:39.125886Z,price_change,0.45999999999999996,SELL,-75,0.42,0.43000000000000005
2026-01-04T16:51:39.318161Z,price_change,0.44999999999999996,SELL,-50,0.42,0.43000000000000005
2026-01-04T16:51:40.453765Z,price_change,0.43000000000000005,SELL,-100,0.42,0.43999999999999995
2026-01-04T16:51:40.453765Z,price_change,0.43999999999999995,SELL,-121,0.42,0.43999999999999995
2026-01-04T16:51:40.593971Z,price_change,0.42,BUY,-96,0.42,0.43999999999999995
2026-01-04T16:51:40.645599Z,price_change,0.43,BUY,96,0.43,0.43999999999999995
2026-01-04T16:51:40.784269Z,price_change,0.4,BUY,-100,0.43,0.43999999999999995
2026-01-04T16:51:41.153149Z,price_change,0.45999999999999996,SELL,100,0.43,0.43999999999999995
2026-01-04T16:51:43.217135Z,price_change,0.44999999999999996,SELL,50,0.43,0.43999999999999995
2026-01-04T16:51:43.957329Z,price_change,0.44999999999999996,SELL,100,0.43,0.43999999999999995
2026-01-04T16:51:43.958067Z,price_change,0.43999999999999995,SELL,-100,0.43,0.43999999999999995
2026-01-04T16:52:49.266407Z,price_change,0.44999999999999996,SELL,-50,0.43,0.43999999999999995
2026-01-04T16:52:53.219074Z,price_change,0.44999999999999996,SELL,50,0.43,0.43999999999999995
2026-01-04T16:53:15.127803Z,price_change,0.44999999999999996,SELL,-50,0.43,0.43999999999999995
2026-01-04T16:54:19.550909Z,price_change,0.43999999999999995,SELL,-32,0.43,0.43999999999999995
2026-01-04T16:54:19.575912Z,price_change,0.36,BUY,-750,0.43,0.43999999999999995
2026-01-04T16:54:19.575912Z,price_change,0.37,BUY,1,0.43,0.43999999999999995
2026-01-04T16:54:30.11686Z,price_change,0.44999999999999996,SELL,50,0.43,0.43999999999999995
2026-01-04T16:54:33.573164Z,price_change,0.44999999999999996,SELL,-50,0.43,0.43999999999999995
2026-01-04T16:54:38.870558Z,price_change,0.38,BUY,3790,0.43,0.43999999999999995
2026-01-04T16:54:38.872279Z,price_change,0.45999999999999996,SELL,-3151,0.43,0.43999999999999995
2026-01-04T16:54:38.935317Z,price_change,0.43999999999999995,SELL,4682,0.43,0.43999999999999995
2026-01-04T16:54:38.964889Z,price_change,0.37,BUY,-1,0.43,0.43999999999999995
2026-01-04T16:54:38.964889Z,price_change,0.36,BUY,750,0.43,0.43999999999999995
2026-01-04T16:54:38.978435Z,price_change,0.45999999999999996,SELL,-599,0.43,0.43999999999999995
2026-01-04T16:54:38.979385Z,price_change,0.45999999999999996,SELL,-134,0.43,0.43999999999999995
2026-01-04T16:54:38.980227Z,price_change,0.45999999999999996,SELL,-224,0.43,0.43999999999999995
2026-01-04T16:54:38.980989Z,price_change,0.45999999999999996,SELL,-826,0.43,0.43999999999999995
2026-01-04T16:54:38.981757Z,price_change,0.45999999999999996,SELL,-4365,0.43,0.43999999999999995
2026-01-04T16:54:38.982732Z,price_change,0.45999999999999996,SELL,-3578,0.43,0.43999999999999995
2026-01-04T16:54:38.983593Z,price_change,0.45999999999999996,SELL,-652,0.43,0.43999999999999995
2026-01-04T16:54:39.051559Z,price_change,0.43999999999999995,SELL,100,0.43,0.43999999999999995
2026-01-04T16:54:39.053901Z,price_change,0.44999999999999996,SELL,-100,0.43,0.43999999999999995
2026-01-04T16:54:49.820359Z,price_change,0.44999999999999996,SELL,82,0.43,0.43999999999999995
2026-01-04T16:54:49.821727Z,price_change,0.4,BUY,82,0.43,0.43999999999999995
2026-01-04T16:54:57.823489Z,price_change,0.44999999999999996,SELL,112,0.43,0.43999999999999995
2026-01-04T16:54:57.824694Z,price_change,0.4,BUY,112,0.43,0.43999999999999995
2026-01-04T16:55:00.24123Z,price_change,0.43999999999999995,SELL,-869,0.43,0.43999999999999995
2026-01-04T16:55:00.956622Z,price_change,0.43999999999999995,SELL,-96,0.43,0.43999999999999995
2026-01-04T16:55:01.071442Z,price_change,0.43,BUY,-96,0.42,0.43999999999999995
2026-01-04T16:55:01.610715Z,price_change,0.4,BUY,100,0.42,0.43999999999999995
2026-01-04T16:55:01.862868Z,price_change,0.41,BUY,-2000,0.42,0.43999999999999995
2026-01-04T16:55:01.864819Z,price_change,0.45999999999999996,SELL,-2000,0.42,0.43999999999999995
2026-01-04T16:55:02.859817Z,price_change,0.41,BUY,-759,0.42,0.43999999999999995
2026-01-04T16:55:04.121543Z,price_change,0.43999999999999995,SELL,-44,0.42,0.43999999999999995
2026-01-04T16:55:28.592809Z,price_change,0.43000000000000005,SELL,4413,0.42,0.43000000000000005
2026-01-04T16:55:28.650587Z,price_change,0.43999999999999995,SELL,-100,0.42,0.43000000000000005
2026-01-04T16:55:28.650587Z,price_change,0.43000000000000005,SELL,100,0.42,0.43000000000000005
2026-01-04T16:55:28.700117Z,price_change,0.45999999999999996,SELL,-100,0.42,0.43000000000000005
2026-01-04T16:55:29.567799Z,price_change,0.43999999999999995,SELL,75,0.42,0.43000000000000005
2026-01-04T16:55:32.052874Z,price_change,0.43000000000000005,SELL,-13,0.42,0.43000000000000005
2026-01-04T16:56:29.758418Z,price_change,0.43000000000000005,SELL,-111,0.42,0.43000000000000005
2026-01-04T16:56:29.806765Z,price_change,0.43000000000000005,SELL,-5,0.42,0.43000000000000005
2026-01-04T16:56:37.146238Z,price_change,0.43000000000000005,SELL,-51,0.42,0.43000000000000005
2026-01-04T16:56:55.374333Z,price_change,0.43000000000000005,SELL,-55,0.42,0.43000000000000005
2026-01-04T16:57:13.942611Z,price_change,0.41,BUY,7,0.42,0.43000000000000005
2026-01-04T16:57:19.308315Z,price_change,0.39,BUY,7,0.42,0.43000000000000005
2026-01-04T16:57:21.54457Z,price_change,0.41,BUY,-500,0.42,0.43000000000000005
2026-01-04T16:57:21.841727Z,price_change,0.44999999999999996,SELL,-500,0.42,0.43000000000000005
2026-01-04T16:57:22.141152Z,price_change,0.4,BUY,500,0.42,0.43000000000000005
2026-01-04T16:57:22.338757Z,price_change,0.45999999999999996,SELL,500,0.42,0.43000000000000005
2026-01-04T16:57:22.582221Z,price_change,0.4,BUY,-3593,0.42,0.43000000000000005
2026-01-04T16:57:22.903192Z,price_change,0.37,BUY,11,0.42,0.43000000000000005
2026-01-04T16:57:27.50963Z,price_change,0.43000000000000005,SELL,-2173,0.42,0.43000000000000005
2026-01-04T16:57:30.485844Z,price_change,0.43000000000000005,SELL,-370,0.42,0.43000000000000005
2026-01-04T16:57:48.646314Z,price_change,0.43000000000000005,SELL,-12,0.42,0.43000000000000005
2026-01-04T16:57:49.314679Z,price_change,0.43000000000000005,SELL,-11,0.42,0.43000000000000005
2026-01-04T16:58:07.03162Z,price_change,0.4,BUY,-500,0.42,0.43000000000000005
2026-01-04T16:58:07.582134Z,price_change,0.45999999999999996,SELL,-500,0.42,0.43000000000000005
2026-01-04T16:58:09.561173Z,price_change,0.43999999999999995,SELL,50,0.42,0.43000000000000005
2026-01-04T16:58:13.514948Z,price_change,0.01,BUY,99,0.42,0.43000000000000005
2026-01-04T16:58:13.55805Z,price_change,0.02,BUY,99,0.42,0.43000000000000005
2026-01-04T16:58:13.598982Z,price_change,0.03,BUY,99,0.42,0.43000000000000005
2026-01-04T16:58:13.643017Z,price_change,0.05,BUY,99,0.42,0.43000000000000005
2026-01-04T16:58:17.051979Z,price_change,0.43000000000000005,SELL,-444,0.42,0.43000000000000005
2026-01-04T16:58:17.549396Z,price_change,0.41,BUY,50,0.42,0.43000000000000005
2026-01-04T16:58:17.566372Z,price_change,0.43999999999999995,SELL,-50,0.42,0.43000000000000005
2026-01-04T16:58:29.889236Z,price_change,0.44999999999999996,SELL,333,0.42,0.43000000000000005
2026-01-04T16:58:35.857462Z,price_change,0.43000000000000005,SELL,-222,0.42,0.43000000000000005
2026-01-04T16:58:35.947938Z,price_change,0.43000000000000005,SELL,-100,0.42,0.43000000000000005
2026-01-04T16:58:35.947938Z,price_change,0.43999999999999995,SELL,100,0.42,0.43000000000000005
2026-01-04T16:58:36.027659Z,price_change,0.4,BUY,3758,0.42,0.43000000000000005
2026-01-04T16:58:39.282061Z,price_change,0.41,BUY,-50,0.42,0.43000000000000005
2026-01-04T16:58:45.408774Z,price_change,0.43000000000000005,SELL,-1,0.42,0.43000000000000005
2026-01-04T16:58:50.192768Z,price_change,0.43000000000000005,SELL,-1,0.42,0.43000000000000005
2026-01-04T16:58:51.376915Z,price_change,0.41,BUY,50,0.42,0.43000000000000005
2026-01-04T16:58:52.511719Z,price_change,0.43000000000000005,SELL,-54,0.42,0.43000000000000005
2026-01-04T16:58:56.030648Z,price_change,0.41,BUY,-50,0.42,0.43000000000000005
2026-01-04T16:58:58.624429Z,price_change,0.44999999999999996,SELL,-333,0.42,0.43000000000000005
2026-01-04T16:58:59.435577Z,price_change,0.4,BUY,-82,0.42,0.43000000000000005
2026-01-04T16:58:59.436894Z,price_change,0.4,BUY,-112,0.42,0.43000000000000005
2026-01-04T16:58:59.832332Z,price_change,0.43999999999999995,SELL,-4682,0.42,0.43000000000000005
2026-01-04T16:58:59.833738Z,price_change,0.44999999999999996,SELL,-3515,0.42,0.43000000000000005
2026-01-04T16:58:59.854767Z,price_change,0.4,BUY,204,0.42,0.43000000000000005
2026-01-04T16:58:59.89264Z,price_change,0.45999999999999996,SELL,10706,0.42,0.43000000000000005
2026-01-04T16:58:59.910639Z,price_change,0.43000000000000005,SELL,-890,0.42,0.43999999999999995
2026-01-04T16:58:59.910729Z,price_change,0.43999999999999995,SELL,-3548,0.42,0.43999999999999995
2026-01-04T16:58:59.915898Z,price_change,0.45999999999999996,SELL,3350,0.42,0.43999999999999995
2026-01-04T16:59:00.435308Z,price_change,0.44999999999999996,SELL,50,0.42,0.43999999999999995
2026-01-04T16:59:01.172821Z,price_change,0.45999999999999996,SELL,-476,0.42,0.43999999999999995
2026-01-04T16:59:02.461111Z,price_change,0.44999999999999996,SELL,3711,0.42,0.43999999999999995
2026-01-04T16:59:02.502832Z,price_change,0.45999999999999996,SELL,-3889,0.42,0.43999999999999995
2026-01-04T16:59:02.552839Z,price_change,0.43999999999999995,SELL,3707,0.42,0.43999999999999995
2026-01-04T16:59:03.076863Z,price_change,0.43999999999999995,SELL,-54,0.42,0.43999999999999995
2026-01-04T16:59:06.161599Z,price_change,0.43999999999999995,SELL,-95,0.42,0.43999999999999995
2026-01-04T16:59:06.211719Z,price_change,0.43999999999999995,SELL,-100,0.42,0.43999999999999995
2026-01-04T16:59:06.713527Z,price_change,0.44999999999999996,SELL,332,0.42,0.43999999999999995
2026-01-04T16:59:07.033815Z,price_change,0.45999999999999996,SELL,-333,0.42,0.43999999999999995
2026-01-04T16:59:19.660984Z,price_change,0.43999999999999995,SELL,-146,0.42,0.43999999999999995
2026-01-04T16:59:36.296491Z,price_change,0.43999999999999995,SELL,-1817,0.42,0.43999999999999995
2026-01-04T16:59:37.970667Z,price_change,0.43999999999999995,SELL,-300,0.42,0.43999999999999995
2026-01-04T16:59:45.654853Z,price_change,0.43999999999999995,SELL,-107,0.42,0.43999999999999995
2026-01-04T16:59:46.284375Z,price_change,0.41,BUY,250,0.42,0.43999999999999995
2026-01-04T16:59:46.354387Z,price_change,0.43999999999999995,SELL,1000,0.42,0.43999999999999995
2026-01-04T16:59:55.089825Z,price_change,0.43999999999999995,SELL,-2,0.42,0.43999999999999995
2026-01-04T16:59:55.566924Z,price_change,0.44999999999999996,SELL,-601,0.42,0.43999999999999995
2026-01-04T16:59:55.567835Z,price_change,0.44999999999999996,SELL,-21,0.42,0.43999999999999995
2026-01-04T16:59:55.568805Z,price_change,0.44999999999999996,SELL,-800,0.42,0.43999999999999995
2026-01-04T16:59:55.56981Z,price_change,0.44999999999999996,SELL,-117,0.42,0.43999999999999995
2026-01-04T16:59:55.570593Z,price_change,0.45999999999999996,SELL,-6008,0.42,0.43999999999999995
2026-01-04T16:59:55.571384Z,price_change,0.44999999999999996,SELL,-3711,0.42,0.43999999999999995
2026-01-04T16:59:55.572292Z,price_change,0.44999999999999996,SELL,-332,0.42,0.43999999999999995
2026-01-04T16:59:55.956342Z,price_change,0.44999999999999996,SELL,-50,0.42,0.43999999999999995
2026-01-04T16:59:59.00561Z,price_change,0.75,SELL,-611,0.42,0.43999999999999995
2026-01-04T16:59:59.00561Z,price_change,0.2,BUY,-607,0.42,0.43999999999999995
2026-01-04T17:00:00.007781Z,price_change,0.43999999999999995,SELL,-15000,0.42,0.43999999999999995
2026-01-04T17:00:00.007781Z,price_change,0.43999999999999995,SELL,-7495,0.42,0.43999999999999995
2026-01-04T17:00:00.106768Z,price_change,0.36,BUY,-501,0.42,0.43999999999999995
2026-01-04T17:00:00.108931Z,price_change,0.47,SELL,33,0.42,0.43999999999999995
2026-01-04T17:00:00.162161Z,price_change,0.47,SELL,-1,0.42,0.43999999999999995
2026-01-04T17:00:00.293316Z,price_change,0.44999999999999996,SELL,-3838,0.42,0.43999999999999995
2026-01-04T17:00:00.441621Z,price_change,0.43000000000000005,SELL,1,0.42,0.43000000000000005
2026-01-04T17:00:00.476985Z,price_change,0.44999999999999996,SELL,-112,0.42,0.43000000000000005
2026-01-04T17:00:00.478302Z,price_change,0.44999999999999996,SELL,-82,0.42,0.43000000000000005
2026-01-04T17:00:00.48111Z,price_change,0.4,BUY,-204,0.42,0.43000000000000005
2026-01-04T17:00:00.571705Z,price_change,0.43000000000000005,SELL,1,0.42,0.43000000000000005
2026-01-04T17:00:01.146608Z,price_change,0.39,BUY,-4155,0.42,0.43000000000000005
2026-01-04T17:00:01.258755Z,price_change,0.4,BUY,-718,0.42,0.43000000000000005
2026-01-04T17:00:01.412285Z,price_change,0.45999999999999996,SELL,-640,0.42,0.43000000000000005
2026-01-04T17:00:01.420838Z,price_change,0.44999999999999996,SELL,-744,0.42,0.43000000000000005
2026-01-04T17:00:02.021337Z,price_change,0.43999999999999995,SELL,-742,0.42,0.43000000000000005
2026-01-04T17:00:02.279504Z,price_change,0.39,BUY,-852,0.42,0.43000000000000005
2026-01-04T17:00:04.852361Z,price_change,0.38,BUY,-3790,0.42,0.43000000000000005
2026-01-04T17:00:04.959333Z,price_change,0.4,BUY,-3758,0.42,0.43000000000000005
2026-01-04T17:00:05.050765Z,price_change,0.45999999999999996,SELL,-3350,0.42,0.43000000000000005
2026-01-04T17:00:05.241809Z,price_change,0.43999999999999995,SELL,-3707,0.42,0.43000000000000005
2026-01-04T17:00:05.48792Z,price_change,0.41,BUY,-11463,0.42,0.43000000000000005
2026-01-04T17:00:05.570383Z,price_change,0.45999999999999996,SELL,-8704,0.42,0.43000000000000005
2026-01-04T17:00:06.177581Z,price_change,0.74,SELL,703,0.42,0.43000000000000005
2026-01-04T17:00:06.178749Z,price_change,0.73,SELL,298,0.42,0.43000000000000005
2026-01-04T17:00:06.195226Z,price_change,0.41,BUY,-250,0.42,0.43000000000000005
2026-01-04T17:00:06.21069Z,price_change,0.4,BUY,250,0.42,0.43000000000000005
2026-01-04T17:00:08.236751Z,price_change,0.43000000000000005,SELL,100,0.42,0.43000000000000005
2026-01-04T17:00:08.257524Z,price_change,0.43999999999999995,SELL,-100,0.42,0.43000000000000005
2026-01-04T17:00:08.263924Z,price_change,0.43999999999999995,SELL,-1000,0.42,0.43000000000000005
2026-01-04T17:00:08.270785Z,price_change,0.36,BUY,-249,0.42,0.43000000000000005
2026-01-04T17:00:08.279845Z,price_change,0.43000000000000005,SELL,1000,0.42,0.43000000000000005
2026-01-04T17:00:08.297808Z,price_change,0.43000000000000005,SELL,149,0.42,0.43000000000000005
2026-01-04T17:00:08.359023Z,price_change,0.43000000000000005,SELL,-149,0.42,0.43000000000000005
2026-01-04T17:00:08.364402Z,price_change,0.43000000000000005,SELL,199,0.42,0.43000000000000005
2026-01-04T17:00:10.212653Z,price_change,0.43000000000000005,SELL,199,0.42,0.43000000000000005
2026-01-04T17:00:10.220085Z,price_change,0.43000000000000005,SELL,-199,0.42,0.43000000000000005
2026-01-04T17:00:13.552813Z,price_change,0.72,SELL,71,0.42,0.43000000000000005
2026-01-04T17:00:14.751323Z,price_change,0.43000000000000005,SELL,-1,0.42,0.43000000000000005
2026-01-04T17:00:14.751323Z,price_change,0.43999999999999995,SELL,1,0.42,0.43000000000000005
2026-01-04T17:00:15.155689Z,price_change,0.4,BUY,-250,0.42,0.43000000000000005
2026-01-04T17:00:15.168726Z,price_change,0.25,BUY,250,0.42,0.43000000000000005
2026-01-04T17:00:15.299826Z,price_change,0.4,BUY,-100,0.42,0.43000000000000005
2026-01-04T17:00:15.400614Z,price_change,0.44999999999999996,SELL,-75,0.42,0.43000000000000005
2026-01-04T17:00:15.81818Z,price_change,0.43999999999999995,SELL,-1,0.42,0.43000000000000005
2026-01-04T17:00:15.81818Z,price_change,0.43000000000000005,SELL,1,0.42,0.43000000000000005
2026-01-04T17:00:15.823677Z,price_change,0.43999999999999995,SELL,-75,0.42,0.43000000000000005
2026-01-04T17:00:19.234963Z,price_change,0.43999999999999995,SELL,100,0.42,0.43000000000000005
2026-01-04T17:00:19.23747Z,price_change,0.43000000000000005,SELL,-100,0.42,0.43000000000000005
2026-01-04T17:00:19.263725Z,price_change,0.47,SELL,-21,0.42,0.43000000000000005
2026-01-04T17:00:19.976394Z,price_change,0.25,BUY,-250,0.42,0.43000000000000005
2026-01-04T17:00:19.989721Z,price_change,0.26,BUY,250,0.42,0.43000000000000005
2026-01-04T17:00:20.060824Z,price_change,0.43000000000000005,SELL,199,0.42,0.43000000000000005
2026-01-04T17:00:20.090496Z,price_change,0.43000000000000005,SELL,-199,0.42,0.43000000000000005
2026-01-04T17:00:20.186105Z,price_change,0.41,BUY,50,0.42,0.43000000000000005
2026-01-04T17:00:20.767637Z,price_change,0.26,BUY,-250,0.42,0.43000000000000005
2026-01-04T17:00:20.782334Z,price_change,0.27,BUY,250,0.42,0.43000000000000005
2026-01-04T17:00:30.030819Z,price_change,0.43000000000000005,SELL,199,0.42,0.43000000000000005
2026-01-04T17:00:30.057428Z,price_change,0.43000000000000005,SELL,-199,0.42,0.43000000000000005
2026-01-04T17:00:32.255397Z,price_change,0.38,BUY,-125,0.42,0.43000000000000005
2026-01-04T17:00:35.828874Z,price_change,0.43000000000000005,SELL,-1,0.42,0.43000000000000005
2026-01-04T17:00:35.828874Z,price_change,0.43999999999999995,SELL,150,0.42,0.43000000000000005
2026-01-04T17:00:35.838152Z,price_change,0.43000000000000005,SELL,-199,0.42,0.43000000000000005
2026-01-04T17:00:35.855653Z,price_change,0.35,BUY,249,0.42,0.43000000000000005
2026-01-04T17:00:35.891332Z,price_change,0.43999999999999995,SELL,-150,0.42,0.43000000000000005
2026-01-04T17:00:35.891332Z,price_change,0.43000000000000005,SELL,200,0.42,0.43000000000000005
2026-01-04T17:00:38.065756Z,price_change,0.43000000000000005,SELL,-200,0.42,0.43000000000000005
2026-01-04T17:00:38.065756Z,price_change,0.43999999999999995,SELL,150,0.42,0.43000000000000005
2026-01-04T17:00:38.083837Z,price_change,0.43000000000000005,SELL,-1000,0.42,0.43000000000000005
2026-01-04T17:00:38.094976Z,price_change,0.35,BUY,-249,0.42,0.43000000000000005
2026-01-04T17:00:38.098817Z,price_change,0.43999999999999995,SELL,1000,0.42,0.43000000000000005
2026-01-04T17:00:38.164405Z,price_change,0.43999999999999995,SELL,50,0.42,0.43000000000000005
2026-01-04T17:00:38.234149Z,price_change,0.43999999999999995,SELL,-150,0.42,0.43000000000000005
2026-01-04T17:00:38.234149Z,price_change,0.43000000000000005,SELL,200,0.42,0.43000000000000005
2026-01-04T17:00:38.241714Z,price_change,0.43999999999999995,SELL,-50,0.42,0.43000000000000005
2026-01-04T17:00:43.014667Z,price_change,0.27,BUY,-250,0.42,0.43000000000000005
2026-01-04T17:00:43.020175Z,price_change,0.43999999999999995,SELL,-1000,0.42,0.43000000000000005
2026-01-04T17:00:43.028521Z,price_change,0.4,BUY,250,0.42,0.43000000000000005
2026-01-04T17:00:43.056483Z,price_change,0.43000000000000005,SELL,1000,0.42,0.43000000000000005
2026-01-04T17:00:43.078547Z,price_change,0.36,BUY,249,0.42,0.43000000000000005
2026-01-04T17:00:43.309187Z,price_change,0.43000000000000005,SELL,-50,0.42,0.43000000000000005
2026-01-04T17:00:47.000144Z,price_change,0.42,BUY,-30,0.41,0.43000000000000005
2026-01-04T17:00:47.027492Z,price_change,0.47,SELL,-2,0.41,0.43000000000000005
2026-01-04T17:00:48.90905Z,price_change,0.41,BUY,-50,0.41,0.43000000000000005
2026-01-04T17:00:48.90905Z,price_change,0.39,BUY,50,0.41,0.43000000000000005
2026-01-04T17:00:48.936805Z,price_change,0.4,BUY,-250,0.41,0.43000000000000005
2026-01-04T17:00:48.958705Z,price_change,0.27,BUY,250,0.41,0.43000000000000005
2026-01-04T17:00:50.267136Z,price_change,0.43000000000000005,SELL,50,0.41,0.43000000000000005
2026-01-04T17:00:50.293937Z,price_change,0.36,BUY,-249,0.41,0.43000000000000005
2026-01-04T17:00:50.293937Z,price_change,0.35,BUY,249,0.41,0.43000000000000005
2026-01-04T17:00:51.251863Z,price_change,0.43999999999999995,SELL,-100,0.41,0.43000000000000005
2026-01-04T17:00:51.253271Z,price_change,0.43000000000000005,SELL,100,0.41,0.43000000000000005
2026-01-04T17:01:00.413752Z,price_change,0.43000000000000005,SELL,50,0.41,0.43000000000000005
2026-01-04T17:01:00.49066Z,price_change,0.43000000000000005,SELL,-50,0.41,0.43000000000000005
2026-01-04T17:01:08.360221Z,price_change,0.27,BUY,-250,0.41,0.43000000000000005
2026-01-04T17:01:08.37693Z,price_change,0.4,BUY,250,0.41,0.43000000000000005
2026-01-04T17:01:09.999742Z,price_change,0.43000000000000005,SELL,50,0.41,0.43000000000000005
2026-01-04T17:01:10.030603Z,price_change,0.43000000000000005,SELL,-50,0.41,0.43000000000000005
2026-01-04T17:01:10.031058Z,price_change,0.35,BUY,-249,0.41,0.43000000000000005
2026-01-04T17:01:10.031058Z,price_change,0.36,BUY,249,0.41,0.43000000000000005
2026-01-04T17:01:11.267402Z,price_change,0.43000000000000005,SELL,-100,0.41,0.43000000000000005
2026-01-04T17:01:11.270437Z,price_change,0.43999999999999995,SELL,100,0.41,0.43000000000000005
2026-01-04T17:01:14.288809Z,price_change,0.43000000000000005,SELL,-1,0.41,0.43000000000000005
2026-01-04T17:01:14.288809Z,price_change,0.43000000000000005,SELL,-19,0.41,0.43000000000000005
2026-01-04T17:01:15.283289Z,price_change,0.43000000000000005,SELL,19,0.41,0.43000000000000005
2026-01-04T17:01:15.298952Z,price_change,0.43000000000000005,SELL,-50,0.41,0.43000000000000005
2026-01-04T17:01:15.71506Z,price_change,0.73,SELL,-298,0.41,0.43000000000000005
2026-01-04T17:01:15.717284Z,price_change,0.74,SELL,-703,0.41,0.43000000000000005
2026-01-04T17:01:15.719266Z,price_change,0.21,BUY,-458,0.41,0.43000000000000005
2026-01-04T17:01:15.720809Z,price_change,0.22,BUY,-554,0.41,0.43000000000000005
2026-01-04T17:01:19.267331Z,price_change,0.43000000000000005,SELL,1,0.41,0.43000000000000005
2026-01-04T17:01:20.229384Z,price_change,0.43000000000000005,SELL,19,0.41,0.43000000000000005
2026-01-04T17:01:20.242708Z,price_change,0.43000000000000005,SELL,-19,0.41,0.43000000000000005
2026-01-04T17:01:29.687305Z,price_change,0.72,SELL,-71,0.41,0.43000000000000005
2026-01-04T17:01:29.714893Z,price_change,0.73,SELL,74,0.41,0.43000000000000005
2026-01-04T17:01:30.210791Z,price_change,0.43000000000000005,SELL,19,0.41,0.43000000000000005
2026-01-04T17:01:30.223358Z,price_change,0.43000000000000005,SELL,-19,0.41,0.43000000000000005
2026-01-04T17:01:30.239087Z,price_change,0.36,BUY,-1,0.41,0.43000000000000005
2026-01-04T17:01:36.548573Z,price_change,0.73,SELL,646,0.41,0.43000000000000005
2026-01-04T17:01:36.549997Z,price_change,0.21,BUY,528,0.41,0.43000000000000005
2026-01-04T17:01:36.551168Z,price_change,0.22,BUY,502,0.41,0.43000000000000005
2026-01-04T17:01:36.552224Z,price_change,0.72,SELL,431,0.41,0.43000000000000005
2026-01-04T17:01:37.619268Z,price_change,0.43000000000000005,SELL,-111,0.41,0.43000000000000005
2026-01-04T17:01:37.636339Z,price_change,0.43000000000000005,SELL,-1000,0.41,0.43000000000000005
2026-01-04T17:01:37.649555Z,price_change,0.43999999999999995,SELL,1000,0.41,0.43000000000000005
2026-01-04T17:01:37.767269Z,price_change,0.43000000000000005,SELL,30,0.41,0.43000000000000005
2026-01-04T17:01:37.803607Z,price_change,0.43000000000000005,SELL,-19,0.41,0.43000000000000005
2026-01-04T17:01:40.324026Z,price_change,0.43000000000000005,SELL,30,0.41,0.43000000000000005
2026-01-04T17:01:40.352011Z,price_change,0.43000000000000005,SELL,-30,0.41,0.43000000000000005
2026-01-04T17:01:40.655514Z,price_change,0.4,BUY,-250,0.41,0.43000000000000005
2026-01-04T17:01:40.669804Z,price_change,0.26,BUY,250,0.41,0.43000000000000005
2026-01-04T17:01:41.329161Z,price_change,0.26,BUY,-250,0.41,0.43000000000000005
2026-01-04T17:01:41.343555Z,price_change,0.4,BUY,250,0.41,0.43000000000000005
2026-01-04T17:01:49.710058Z,price_change,0.41,BUY,5,0.41,0.43000000000000005
2026-01-04T17:01:50.323397Z,price_change,0.43000000000000005,SELL,30,0.41,0.43000000000000005
2026-01-04T17:01:50.360652Z,price_change,0.43000000000000005,SELL,-30,0.41,0.43000000000000005
2026-01-04T17:01:52.803969Z,price_change,0.43000000000000005,SELL,-20,0.41,0.43000000000000005
2026-01-04T17:01:52.803969Z,price_change,0.43000000000000005,SELL,-1,0.41,0.43000000000000005
2026-01-04T17:01:52.803969Z,price_change,0.43000000000000005,SELL,-30,0.41,0.43999999999999995
2026-01-04T17:01:52.863423Z,price_change,0.44999999999999996,SELL,50,0.41,0.43999999999999995
2026-01-04T17:01:52.868873Z,price_change,0.39,BUY,-50,0.41,0.43999999999999995
2026-01-04T17:01:52.868873Z,price_change,0.4,BUY,50,0.41,0.43999999999999995
2026-01-04T17:01:53.044947Z,price_change,0.43000000000000005,SELL,40,0.41,0.43000000000000005
2026-01-04T17:01:53.148678Z,price_change,0.44999999999999996,SELL,-50,0.41,0.43000000000000005
2026-01-04T17:01:53.486024Z,price_change,0.4,BUY,-250,0.41,0.43000000000000005
2026-01-04T17:01:53.507626Z,price_change,0.26,BUY,250,0.41,0.43000000000000005
2026-01-04T17:01:53.838601Z,price_change,0.43000000000000005,SELL,-1,0.41,0.43000000000000005
2026-01-04T17:01:53.862056Z,price_change,0.36,BUY,-194,0.41,0.43000000000000005
2026-01-04T17:01:54.200905Z,price_change,0.26,BUY,-250,0.41,0.43000000000000005
2026-01-04T17:01:54.21353Z,price_change,0.4,BUY,250,0.41,0.43000000000000005
2026-01-04T17:01:57.394093Z,price_change,0.43000000000000005,SELL,-1,0.41,0.43000000000000005
2026-01-04T17:01:57.420245Z,price_change,0.36,BUY,194,0.41,0.43000000000000005
2026-01-04T17:01:57.927469Z,price_change,0.4,BUY,-250,0.41,0.43000000000000005
2026-01-04T17:01:57.942513Z,price_change,0.26,BUY,250,0.41,0.43000000000000005
2026-01-04T17:01:58.076858Z,price_change,0.43000000000000005,SELL,1,0.41,0.43000000000000005
2026-01-04T17:01:58.102021Z,price_change,0.36,BUY,-248,0.41,0.43000000000000005
2026-01-04T17:01:58.102021Z,price_change,0.35,BUY,248,0.41,0.43000000000000005
2026-01-04T17:01:58.527712Z,price_change,0.43000000000000005,SELL,3,0.41,0.43000000000000005
2026-01-04T17:01:58.553311Z,price_change,0.35,BUY,-248,0.41,0.43000000000000005
2026-01-04T17:01:58.553311Z,price_change,0.36,BUY,14,0.41,0.43000000000000005
2026-01-04T17:01:58.560015Z,price_change,0.43000000000000005,SELL,-1,0.41,0.43000000000000005
2026-01-04T17:01:59.370587Z,price_change,0.43000000000000005,SELL,1,0.41,0.43000000000000005
2026-01-04T17:01:59.564793Z,price_change,0.43000000000000005,SELL,4,0.41,0.43000000000000005
2026-01-04T17:01:59.598008Z,price_change,0.43000000000000005,SELL,-3,0.41,0.43000000000000005
2026-01-04T17:02:00.52544Z,price_change,0.43000000000000005,SELL,4,0.41,0.43000000000000005
2026-01-04T17:02:00.558559Z,price_change,0.43000000000000005,SELL,-4,0.41,0.43000000000000005
2026-01-04T17:02:02.526742Z,price_change,0.43000000000000005,SELL,5,0.41,0.43000000000000005
2026-01-04T17:02:02.551834Z,price_change,0.36,BUY,-6,0.41,0.43000000000000005
2026-01-04T17:02:02.562793Z,price_change,0.43000000000000005,SELL,-4,0.41,0.43000000000000005
2026-01-04T17:02:03.294763Z,price_change,0.43000000000000005,SELL,100,0.41,0.43000000000000005
2026-01-04T17:02:03.295727Z,price_change,0.43999999999999995,SELL,-100,0.41,0.43000000000000005
2026-01-04T17:02:03.313319Z,price_change,0.73,SELL,-646,0.41,0.43000000000000005
2026-01-04T17:02:03.314215Z,price_change,0.43999999999999995,SELL,-1000,0.41,0.43000000000000005
2026-01-04T17:02:03.315004Z,price_change,0.71,SELL,592,0.41,0.43000000000000005
2026-01-04T17:02:03.327337Z,price_change,0.36,BUY,-3,0.41,0.43000000000000005
2026-01-04T17:02:03.332629Z,price_change,0.43000000000000005,SELL,1000,0.41,0.43000000000000005
2026-01-04T17:02:07.095986Z,price_change,0.43000000000000005,SELL,6,0.41,0.43000000000000005
2026-01-04T17:02:07.106789Z,price_change,0.43000000000000005,SELL,-5,0.41,0.43000000000000005
2026-01-04T17:02:10.294693Z,price_change,0.43000000000000005,SELL,6,0.41,0.43000000000000005
2026-01-04T17:02:10.303394Z,price_change,0.43000000000000005,SELL,-6,0.41,0.43000000000000005
2026-01-04T17:02:10.540389Z,price_change,0.73,SELL,-74,0.41,0.43000000000000005
2026-01-04T17:02:10.566206Z,price_change,0.73,SELL,74,0.41,0.43000000000000005
2026-01-04T17:02:14.08241Z,price_change,0.43000000000000005,SELL,5,0.41,0.43000000000000005
2026-01-04T17:02:14.115681Z,price_change,0.36,BUY,4,0.41,0.43000000000000005
2026-01-04T17:02:14.124355Z,price_change,0.43000000000000005,SELL,-6,0.41,0.43000000000000005
2026-01-04T17:02:15.442149Z,price_change,0.43000000000000005,SELL,-5,0.41,0.43000000000000005
2026-01-04T17:02:15.629444Z,price_change,0.43000000000000005,SELL,-6,0.41,0.43000000000000005
2026-01-04T17:02:15.68945Z,price_change,0.43000000000000005,SELL,-5,0.41,0.43000000000000005
2026-01-04T17:02:16.355549Z,price_change,0.43000000000000005,SELL,18,0.41,0.43000000000000005
2026-01-04T17:02:20.231798Z,price_change,0.43000000000000005,SELL,18,0.41,0.43000000000000005
2026-01-04T17:02:20.238498Z,price_change,0.43000000000000005,SELL,-18,0.41,0.43000000000000005
2026-01-04T17:02:20.471078Z,price_change,0.26,BUY,-250,0.41,0.43000000000000005
2026-01-04T17:02:20.487973Z,price_change,0.43000000000000005,SELL,-1000,0.41,0.43000000000000005
2026-01-04T17:02:20.520923Z,price_change,0.43000000000000005,SELL,-100,0.41,0.43000000000000005
2026-01-04T17:02:20.523228Z,price_change,0.43999999999999995,SELL,100,0.41,0.43000000000000005
2026-01-04T17:02:20.734683Z,price_change,0.43000000000000005,SELL,-27,0.41,0.43000000000000005
2026-01-04T17:02:20.734683Z,price_change,0.43999999999999995,SELL,45,0.41,0.43000000000000005
2026-01-04T17:02:20.760507Z,price_change,0.43999999999999995,SELL,1000,0.41,0.43000000000000005
2026-01-04T17:02:20.768064Z,price_change,0.43000000000000005,SELL,-18,0.41,0.43000000000000005
2026-01-04T17:02:20.797357Z,price_change,0.43999999999999995,SELL,-100,0.41,0.43000000000000005
2026-01-04T17:02:20.799539Z,price_change,0.43000000000000005,SELL,100,0.41,0.43000000000000005
2026-01-04T17:02:20.803897Z,price_change,0.43999999999999995,SELL,-1000,0.41,0.43000000000000005
2026-01-04T17:02:20.991272Z,price_change,0.43000000000000005,SELL,-1,0.41,0.43000000000000005
2026-01-04T17:02:20.991272Z,price_change,0.43999999999999995,SELL,1,0.41,0.43000000000000005
2026-01-04T17:02:21.022052Z,price_change,0.43999999999999995,SELL,100,0.41,0.43000000000000005
2026-01-04T17:02:21.023918Z,price_change,0.43000000000000005,SELL,-100,0.41,0.43999999999999995
2026-01-04T17:02:21.155459Z,price_change,0.41,BUY,5488,0.41,0.43999999999999995
2026-01-04T17:02:21.167013Z,price_change,0.45999999999999996,SELL,4167,0.41,0.43999999999999995
2026-01-04T17:02:21.17342Z,price_change,0.43999999999999995,SELL,1000,0.41,0.43999999999999995
2026-01-04T17:02:21.495944Z,price_change,0.43999999999999995,SELL,-1000,0.41,0.43999999999999995
2026-01-04T17:02:21.524129Z,price_change,0.36,BUY,239,0.41,0.43999999999999995
2026-01-04T17:02:21.528771Z,price_change,0.43999999999999995,SELL,-45,0.41,0.43999999999999995
2026-01-04T17:02:21.528771Z,price_change,0.43000000000000005,SELL,44,0.41,0.43000000000000005
2026-01-04T17:02:21.549503Z,price_change,0.41,BUY,250,0.41,0.43000000000000005
2026-01-04T17:02:21.667942Z,price_change,0.4,BUY,-8000,0.41,0.43000000000000005
2026-01-04T17:02:21.669393Z,price_change,0.44999999999999996,SELL,-8000,0.41,0.43000000000000005
2026-01-04T17:02:21.70018Z,price_change,0.41,BUY,-250,0.41,0.43000000000000005
2026-01-04T17:02:21.727556Z,price_change,0.44999999999999996,SELL,100,0.41,0.43000000000000005
2026-01-04T17:02:21.729917Z,price_change,0.43999999999999995,SELL,-100,0.41,0.43000000000000005
2026-01-04T17:02:21.848414Z,price_change,0.4,BUY,200,0.41,0.43000000000000005
2026-01-04T17:02:21.84933Z,price_change,0.43000000000000005,SELL,200,0.41,0.43000000000000005
2026-01-04T17:02:21.862878Z,price_change,0.72,SELL,-431,0.41,0.43000000000000005
2026-01-04T17:02:21.865876Z,price_change,0.21,BUY,-528,0.41,0.43000000000000005
2026-01-04T17:02:21.867061Z,price_change,0.69,SELL,419,0.41,0.43000000000000005
2026-01-04T17:02:21.868204Z,price_change,0.23,BUY,564,0.41,0.43000000000000005
2026-01-04T17:02:21.873252Z,price_change,0.43000000000000005,SELL,-44,0.41,0.43000000000000005
2026-01-04T17:02:21.873252Z,price_change,0.43999999999999995,SELL,43,0.41,0.43000000000000005
2026-01-04T17:02:21.893642Z,price_change,0.42,BUY,5357,0.42,0.43000000000000005
2026-01-04T17:02:21.895074Z,price_change,0.41,BUY,-5488,0.42,0.43000000000000005
2026-01-04T17:02:21.910962Z,price_change,0.22,BUY,-502,0.42,0.43000000000000005
2026-01-04T17:02:22.121983Z,price_change,0.4,BUY,-200,0.42,0.43000000000000005
2026-01-04T17:02:22.132765Z,price_change,0.43999999999999995,SELL,-1,0.42,0.43000000000000005
2026-01-04T17:02:22.132765Z,price_change,0.43000000000000005,SELL,1,0.42,0.43000000000000005
2026-01-04T17:02:22.423856Z,price_change,0.43999999999999995,SELL,-43,0.42,0.43000000000000005
2026-01-04T17:02:22.423856Z,price_change,0.43000000000000005,SELL,41,0.42,0.43000000000000005
2026-01-04T17:02:23.232423Z,price_change,0.39,BUY,189,0.42,0.43000000000000005
2026-01-04T17:02:23.262175Z,price_change,0.24,BUY,457,0.42,0.43000000000000005
2026-01-04T17:02:23.275428Z,price_change,0.43999999999999995,SELL,189,0.42,0.43000000000000005
2026-01-04T17:02:23.446296Z,price_change,0.4,BUY,-50,0.42,0.43000000000000005
2026-01-04T17:02:23.758821Z,price_change,0.41,BUY,200,0.42,0.43000000000000005
2026-01-04T17:02:23.761555Z,price_change,0.43999999999999995,SELL,200,0.42,0.43000000000000005
2026-01-04T17:02:23.916407Z,price_change,0.43000000000000005,SELL,-200,0.42,0.43000000000000005
2026-01-04T17:02:24.670252Z,price_change,0.41,BUY,-200,0.42,0.43000000000000005
2026-01-04T17:02:24.671016Z,price_change,0.43999999999999995,SELL,-200,0.42,0.43000000000000005
2026-01-04T17:02:25.916191Z,price_change,0.41,BUY,100,0.42,0.43000000000000005
2026-01-04T17:02:25.917635Z,price_change,0.43999999999999995,SELL,100,0.42,0.43000000000000005
2026-01-04T17:02:27.073731Z,price_change,0.39,BUY,282,0.42,0.43000000000000005
2026-01-04T17:02:29.227641Z,price_change,0.43999999999999995,SELL,-189,0.42,0.43000000000000005
2026-01-04T17:02:29.425014Z,price_change,0.42,BUY,10,0.42,0.43000000000000005
2026-01-04T17:02:30.000432Z,price_change,0.39,BUY,-282,0.42,0.43000000000000005
2026-01-04T17:02:31.072723Z,price_change,0.43000000000000005,SELL,-1,0.42,0.43000000000000005
2026-01-04T17:02:31.072723Z,price_change,0.43000000000000005,SELL,-41,0.42,0.43999999999999995
2026-01-04T17:02:31.072723Z,price_change,0.43999999999999995,SELL,-100,0.42,0.44
2026-01-04T17:02:31.072723Z,price_change,0.44999999999999996,SELL,-100,0.42,0.44
2026-01-04T17:02:31.072723Z,price_change,0.45999999999999996,SELL,-290,0.42,0.44
2026-01-04T17:02:31.072723Z,price_change,0.45999999999999996,SELL,-3877,0.42,0.44
2026-01-04T17:02:31.072723Z,price_change,0.42,BUY,-5357,0.42,0.44
2026-01-04T17:02:31.095067Z,price_change,0.71,SELL,-592,0.42,0.44
2026-01-04T17:02:31.095723Z,price_change,0.49,SELL,116,0.42,0.44
2026-01-04T17:02:31.097772Z,price_change,0.6799999999999999,SELL,548,0.42,0.44
2026-01-04T17:02:31.098209Z,price_change,0.37,BUY,110,0.42,0.44
2026-01-04T17:02:31.106044Z,price_change,0.48,SELL,100,0.42,0.44
2026-01-04T17:02:31.114074Z,price_change,0.47,SELL,-9,0.42,0.44
2026-01-04T17:02:31.114074Z,price_change,0.49,SELL,9,0.42,0.44
2026-01-04T17:02:31.116758Z,price_change,0.36,BUY,-171,0.42,0.44
2026-01-04T17:02:31.126953Z,price_change,0.49,SELL,-116,0.42,0.44
2026-01-04T17:02:31.126953Z,price_change,0.48,SELL,116,0.42,0.44
2026-01-04T17:02:31.136244Z,price_change,0.49,SELL,-9,0.42,0.44
2026-01-04T17:02:31.136244Z,price_change,0.47,SELL,9,0.42,0.44
2026-01-04T17:02:31.196663Z,price_change,0.45999999999999996,SELL,14,0.42,0.44
2026-01-04T17:02:31.206097Z,price_change,0.45999999999999996,SELL,-14,0.42,0.44
2026-01-04T17:02:31.276602Z,price_change,0.41,BUY,129,0.42,0.44
2026-01-04T17:02:31.277731Z,price_change,0.43999999999999995,SELL,100,0.42,0.43999999999999995
2026-01-04T17:02:31.277827Z,price_change,0.49,SELL,130,0.42,0.43999999999999995
2026-01-04T17:02:31.300822Z,price_change,0.37,BUY,130,0.42,0.43999999999999995
2026-01-04T17:02:31.306692Z,price_change,0.45999999999999996,SELL,14,0.42,0.43999999999999995
2026-01-04T17:02:31.323147Z,price_change,0.37,BUY,100,0.42,0.43999999999999995
2026-01-04T17:02:31.369907Z,price_change,0.42,BUY,-10,0.41,0.43999999999999995
2026-01-04T17:02:31.372585Z,price_change,0.45999999999999996,SELL,-14,0.41,0.43999999999999995
2026-01-04T17:02:31.398164Z,price_change,0.36,BUY,160,0.41,0.43999999999999995
2026-01-04T17:02:31.473527Z,price_change,0.48,SELL,10,0.41,0.43999999999999995
2026-01-04T17:02:31.529196Z,price_change,0.5900000000000001,SELL,15,0.41,0.43999999999999995
2026-01-04T17:02:31.565932Z,price_change,0.48,SELL,-10,0.41,0.43999999999999995
2026-01-04T17:02:31.575027Z,price_change,0.39,BUY,-189,0.41,0.43999999999999995
2026-01-04T17:02:31.610227Z,price_change,0.5900000000000001,SELL,1,0.41,0.43999999999999995
2026-01-04T17:02:31.819402Z,price_change,0.41,BUY,10,0.41,0.43999999999999995
2026-01-04T17:02:31.914591Z,price_change,0.49,SELL,-130,0.41,0.43999999999999995
2026-01-04T17:02:31.916142Z,price_change,0.41,BUY,-129,0.41,0.43999999999999995
2026-01-04T17:02:31.929783Z,price_change,0.37,BUY,-130,0.41,0.43999999999999995
2026-01-04T17:02:31.951177Z,price_change,0.36,BUY,-90,0.41,0.43999999999999995
2026-01-04T17:02:32.304231Z,price_change,0.47,SELL,100,0.41,0.43999999999999995
2026-01-04T17:02:32.304449Z,price_change,0.48,SELL,-100,0.41,0.43999999999999995
2026-01-04T17:02:32.325953Z,price_change,0.48,SELL,-116,0.41,0.43999999999999995
2026-01-04T17:02:32.325953Z,price_change,0.49,SELL,116,0.41,0.43999999999999995
2026-01-04T17:02:32.413409Z,price_change,0.4,BUY,50,0.41,0.43999999999999995
2026-01-04T17:02:32.415962Z,price_change,0.44999999999999996,SELL,50,0.41,0.43999999999999995
2026-01-04T17:02:32.530444Z,price_change,0.5900000000000001,SELL,-15,0.41,0.43999999999999995
2026-01-04T17:02:32.530444Z,price_change,0.43999999999999995,SELL,25,0.41,0.43999999999999995
2026-01-04T17:02:34.978054Z,price_change,0.37,BUY,200,0.41,0.43999999999999995
2026-01-04T17:02:39.001152Z,price_change,0.43999999999999995,SELL,-9,0.41,0.43999999999999995
2026-01-04T17:02:39.028963Z,price_change,0.36,BUY,101,0.41,0.43999999999999995
2026-01-04T17:02:39.314171Z,price_change,0.45999999999999996,SELL,28,0.41,0.43999999999999995
2026-01-04T17:02:39.315318Z,price_change,0.41,BUY,31,0.41,0.43999999999999995
2026-01-04T17:02:39.330851Z,price_change,0.37,BUY,31,0.41,0.43999999999999995
2026-01-04T17:02:39.4731Z,price_change,0.5900000000000001,SELL,-1,0.41,0.43999999999999995
2026-01-04T17:02:39.4731Z,price_change,0.43999999999999995,SELL,1,0.41,0.43999999999999995
2026-01-04T17:02:41.197948Z,price_change,0.43999999999999995,SELL,-54,0.41,0.43999999999999995
2026-01-04T17:02:41.364575Z,price_change,0.43999999999999995,SELL,-16,0.41,0.43999999999999995
2026-01-04T17:02:41.364575Z,price_change,0.45999999999999996,SELL,16,0.41,0.43999999999999995
2026-01-04T17:02:41.440576Z,price_change,0.43999999999999995,SELL,-1,0.41,0.43999999999999995
2026-01-04T17:02:41.440576Z,price_change,0.45999999999999996,SELL,1,0.41,0.43999999999999995
2026-01-04T17:02:41.977336Z,price_change,0.37,BUY,-40,0.41,0.43999999999999995
2026-01-04T17:02:42.320558Z,price_change,0.45999999999999996,SELL,-28,0.41,0.43999999999999995
2026-01-04T17:02:46.365371Z,price_change,0.37,BUY,-200,0.41,0.43999999999999995
2026-01-04T17:02:46.387449Z,price_change,0.69,SELL,-419,0.41,0.43999999999999995
2026-01-04T17:02:46.390583Z,price_change,0.6699999999999999,SELL,400,0.41,0.43999999999999995
2026-01-04T17:02:47.351607Z,price_change,0.45999999999999996,SELL,27,0.41,0.43999999999999995
2026-01-04T17:02:47.408986Z,price_change,0.37,BUY,-10,0.41,0.43999999999999995
2026-01-04T17:02:47.509238Z,price_change,0.37,BUY,10,0.41,0.43999999999999995
2026-01-04T17:02:47.545199Z,price_change,0.41,BUY,-10,0.41,0.43999999999999995
2026-01-04T17:02:47.569153Z,price_change,0.36,BUY,-108,0.41,0.43999999999999995
2026-01-04T17:02:47.658491Z,price_change,0.41,BUY,10,0.41,0.43999999999999995
2026-01-04T17:02:49.453092Z,price_change,0.44999999999999996,SELL,-50,0.41,0.43999999999999995
2026-01-04T17:02:54.223768Z,price_change,0.45999999999999996,SELL,-16,0.41,0.43999999999999995
2026-01-04T17:02:57.514237Z,price_change,0.37,BUY,-82,0.41,0.43999999999999995
2026-01-04T17:02:57.532414Z,price_change,0.6799999999999999,SELL,-548,0.41,0.43999999999999995
2026-01-04T17:02:57.53682Z,price_change,0.71,SELL,580,0.41,0.43999999999999995
2026-01-04T17:02:57.857439Z,price_change,0.37,BUY,100,0.41,0.43999999999999995
2026-01-04T17:03:00.000746Z,price_change,0.69,SELL,-1,0.41,0.43999999999999995
2026-01-04T17:03:00.000746Z,price_change,0.26,BUY,-1,0.41,0.43999999999999995
2026-01-04T17:03:00.000746Z,price_change,0.72,SELL,-64,0.41,0.43999999999999995
2026-01-04T17:03:00.000746Z,price_change,0.73,SELL,-192,0.41,0.43999999999999995
2026-01-04T17:03:00.000746Z,price_change,0.6799999999999999,SELL,-1,0.41,0.43999999999999995
2026-01-04T17:03:00.000746Z,price_change,0.21,BUY,-312,0.41,0.43999999999999995
2026-01-04T17:03:00.000746Z,price_change,0.74,SELL,-552,0.41,0.43999999999999995
2026-01-04T17:03:00.000746Z,price_change,0.22,BUY,-64,0.41,0.43999999999999995
2026-01-04T17:03:00.000746Z,price_change,0.24,BUY,-1,0.41,0.43999999999999995
2026-01-04T17:03:00.080866Z,price_change,0.73,SELL,-74,0.41,0.43999999999999995
2026-01-04T17:03:00.122309Z,price_change,0.6599999999999999,SELL,58,0.41,0.43999999999999995
2026-01-04T17:03:03.415331Z,price_change,0.41,BUY,-100,0.41,0.43999999999999995
2026-01-04T17:03:03.416936Z,price_change,0.43999999999999995,SELL,-46,0.41,0.44
2026-01-04T17:03:03.444168Z,price_change,0.37,BUY,-100,0.41,0.44
2026-01-04T17:03:03.447493Z,price_change,0.36,BUY,13,0.41,0.44
2026-01-04T17:03:03.817096Z,price_change,0.37,BUY,100,0.41,0.44
2026-01-04T17:03:03.818457Z,price_change,0.42000000000000004,SELL,100,0.41,0.42000000000000004
2026-01-04T17:03:03.841039Z,price_change,0.49,SELL,-116,0.41,0.42000000000000004
2026-01-04T17:03:03.841039Z,price_change,0.45999999999999996,SELL,114,0.41,0.42000000000000004
2026-01-04T17:03:03.85153Z,price_change,0.36,BUY,-70,0.41,0.42000000000000004
2026-01-04T17:03:04.267172Z,price_change,0.45999999999999996,SELL,-1,0.41,0.42000000000000004
2026-01-04T17:03:04.267172Z,price_change,0.44999999999999996,SELL,1,0.41,0.42000000000000004
2026-01-04T17:03:04.27191Z,price_change,0.44999999999999996,SELL,27,0.41,0.42000000000000004
2026-01-04T17:03:04.273378Z,price_change,0.4,BUY,31,0.41,0.42000000000000004
2026-01-04T17:03:04.279263Z,price_change,0.41,BUY,-31,0.41,0.42000000000000004
2026-01-04T17:03:04.297302Z,price_change,0.37,BUY,50,0.41,0.42000000000000004
2026-01-04T17:03:04.30687Z,price_change,0.47,SELL,70,0.41,0.42000000000000004
2026-01-04T17:03:04.30987Z,price_change,0.36,BUY,-22,0.41,0.42000000000000004
2026-01-04T17:03:04.347322Z,price_change,0.37,BUY,-169,0.41,0.42000000000000004
2026-01-04T17:03:04.347322Z,price_change,0.34,BUY,400,0.41,0.42000000000000004
2026-01-04T17:03:04.562743Z,price_change,0.45999999999999996,SELL,-27,0.41,0.42000000000000004
2026-01-04T17:03:04.582583Z,price_change,0.43000000000000005,SELL,1000,0.41,0.42000000000000004
2026-01-04T17:03:04.59995Z,price_change,0.45999999999999996,SELL,-114,0.41,0.42000000000000004
2026-01-04T17:03:04.651096Z,price_change,0.38,BUY,282,0.41,0.42000000000000004
2026-01-04T17:03:04.668738Z,price_change,0.34,BUY,-400,0.41,0.42000000000000004
2026-01-04T17:03:04.668738Z,price_change,0.36,BUY,169,0.41,0.42000000000000004
2026-01-04T17:03:04.688539Z,price_change,0.43000000000000005,SELL,-1000,0.41,0.42000000000000004
2026-01-04T17:03:04.70917Z,price_change,0.45999999999999996,SELL,114,0.41,0.42000000000000004
2026-01-04T17:03:05.015396Z,price_change,0.43000000000000005,SELL,1000,0.41,0.42000000000000004
2026-01-04T17:03:05.035787Z,price_change,0.45999999999999996,SELL,-114,0.41,0.42000000000000004
2026-01-04T17:03:05.231273Z,price_change,0.44999999999999996,SELL,-1,0.41,0.42000000000000004
2026-01-04T17:03:05.231273Z,price_change,0.43000000000000005,SELL,1,0.41,0.42000000000000004
2026-01-04T17:03:05.252357Z,price_change,0.4,BUY,-31,0.41,0.42000000000000004
2026-01-04T17:03:05.254242Z,price_change,0.43000000000000005,SELL,-1000,0.41,0.42000000000000004
2026-01-04T17:03:05.273932Z,price_change,0.45999999999999996,SELL,114,0.41,0.42000000000000004
2026-01-04T17:03:05.324575Z,price_change,0.47,SELL,-100,0.41,0.42000000000000004
2026-01-04T17:03:05.324639Z,price_change,0.45999999999999996,SELL,100,0.41,0.42000000000000004
2026-01-04T17:03:05.817204Z,price_change,0.43000000000000005,SELL,-1,0.41,0.42000000000000004
2026-01-04T17:03:05.817204Z,price_change,0.45999999999999996,SELL,1,0.41,0.42000000000000004
2026-01-04T17:03:05.835064Z,price_change,0.43000000000000005,SELL,1000,0.41,0.42000000000000004
2026-01-04T17:03:05.855799Z,price_change,0.45999999999999996,SELL,-114,0.41,0.42000000000000004
2026-01-04T17:03:06.32556Z,price_change,0.45999999999999996,SELL,-100,0.41,0.42000000000000004
2026-01-04T17:03:06.326627Z,price_change,0.43000000000000005,SELL,100,0.41,0.42000000000000004
2026-01-04T17:03:06.340818Z,price_change,0.43000000000000005,SELL,-1000,0.41,0.42000000000000004
2026-01-04T17:03:06.35299Z,price_change,0.5700000000000001,SELL,1000,0.41,0.42000000000000004
2026-01-04T17:03:06.359983Z,price_change,0.45999999999999996,SELL,114,0.41,0.42000000000000004
2026-01-04T17:03:06.516425Z,price_change,0.5700000000000001,SELL,-1000,0.41,0.42000000000000004
2026-01-04T17:03:06.579974Z,price_change,0.45999999999999996,SELL,-1,0.41,0.42000000000000004
2026-01-04T17:03:06.579974Z,price_change,0.43000000000000005,SELL,1,0.41,0.42000000000000004
2026-01-04T17:03:07.002728Z,price_change,0.38,BUY,-282,0.41,0.42000000000000004
2026-01-04T17:03:07.03408Z,price_change,0.36,BUY,-31,0.41,0.42000000000000004
2026-01-04T17:03:07.116733Z,price_change,0.44999999999999996,SELL,-27,0.41,0.42000000000000004
2026-01-04T17:03:07.329106Z,price_change,0.45999999999999996,SELL,100,0.41,0.42000000000000004
2026-01-04T17:03:07.331832Z,price_change,0.43000000000000005,SELL,-100,0.41,0.42000000000000004
2026-01-04T17:03:07.78395Z,price_change,0.43000000000000005,SELL,-1,0.41,0.42000000000000004
2026-01-04T17:03:07.78395Z,price_change,0.44999999999999996,SELL,1,0.41,0.42000000000000004
2026-01-04T17:03:08.134045Z,price_change,0.41,BUY,-10,0.41,0.42000000000000004
2026-01-04T17:03:08.159328Z,price_change,0.36,BUY,-54,0.41,0.42000000000000004
2026-01-04T17:03:08.27905Z,price_change,0.36,BUY,-10,0.41,0.42000000000000004
2026-01-04T17:03:09.33193Z,price_change,0.36,BUY,-1,0.41,0.42000000000000004
2026-01-04T17:03:09.354801Z,price_change,0.36,BUY,1,0.41,0.42000000000000004
2026-01-04T17:03:10.416928Z,price_change,0.36,BUY,-23,0.41,0.42000000000000004
2026-01-04T17:03:10.474282Z,price_change,0.36,BUY,48,0.41,0.42000000000000004
2026-01-04T17:03:10.791353Z,price_change,0.36,BUY,-49,0.41,0.42000000000000004
2026-01-04T17:03:10.848352Z,price_change,0.36,BUY,1,0.41,0.42000000000000004
2026-01-04T17:03:12.455458Z,price_change,0.39,BUY,31,0.41,0.42000000000000004
2026-01-04T17:03:12.456618Z,price_change,0.43999999999999995,SELL,9,0.41,0.42000000000000004
2026-01-04T17:03:15.786042Z,price_change,0.45999999999999996,SELL,-114,0.41,0.42000000000000004
2026-01-04T17:03:15.786042Z,price_change,0.44999999999999996,SELL,100,0.41,0.42000000000000004
2026-01-04T17:03:15.893651Z,price_change,0.44999999999999996,SELL,-1,0.41,0.42000000000000004
2026-01-04T17:03:15.893651Z,price_change,0.43999999999999995,SELL,1,0.41,0.42000000000000004
2026-01-04T17:03:16.678784Z,price_change,0.37,BUY,-100,0.41,0.42000000000000004
2026-01-04T17:03:16.680314Z,price_change,0.42000000000000004,SELL,-100,0.41,0.43999999999999995
2026-01-04T17:03:16.703087Z,price_change,0.44999999999999996,SELL,-100,0.41,0.43999999999999995
2026-01-04T17:03:16.703087Z,price_change,0.49,SELL,125,0.41,0.43999999999999995
2026-01-04T17:03:16.71709Z,price_change,0.36,BUY,-7,0.41,0.43999999999999995
2026-01-04T17:03:16.71709Z,price_change,0.35,BUY,73,0.41,0.43999999999999995
2026-01-04T17:03:16.7185Z,price_change,0.47,SELL,-79,0.41,0.43999999999999995
2026-01-04T17:03:16.7185Z,price_change,0.45999999999999996,SELL,70,0.41,0.43999999999999995
2026-01-04T17:03:16.856934Z,price_change,0.43999999999999995,SELL,-1,0.41,0.43999999999999995
2026-01-04T17:03:16.856934Z,price_change,0.44999999999999996,SELL,1,0.41,0.43999999999999995
2026-01-04T17:03:16.880596Z,price_change,0.45999999999999996,SELL,-70,0.41,0.43999999999999995
2026-01-04T17:03:16.880596Z,price_change,0.47,SELL,9,0.41,0.43999999999999995
2026-01-04T17:03:18.722101Z,price_change,0.47,SELL,50,0.41,0.43999999999999995
2026-01-04T17:03:20.333823Z,price_change,0.36,BUY,-105,0.41,0.43999999999999995
2026-01-04T17:03:20.333823Z,price_change,0.35,BUY,159,0.41,0.43999999999999995
2026-01-04T17:03:20.50607Z,price_change,0.44999999999999996,SELL,14,0.41,0.43999999999999995
2026-01-04T17:03:20.529834Z,price_change,0.49,SELL,5,0.41,0.43999999999999995
2026-01-04T17:03:20.965854Z,price_change,0.35,BUY,23,0.41,0.43999999999999995
2026-01-04T17:03:21.249902Z,price_change,0.43999999999999995,SELL,-9,0.41,0.44
2026-01-04T17:03:21.27248Z,price_change,0.35,BUY,-20,0.41,0.44
2026-01-04T17:03:21.41898Z,price_change,0.44999999999999996,SELL,10,0.41,0.44
2026-01-04T17:03:22.106622Z,price_change,0.43999999999999995,SELL,69000,0.41,0.43999999999999995
2026-01-04T17:03:22.130777Z,price_change,0.49,SELL,-130,0.41,0.43999999999999995
2026-01-04T17:03:22.137137Z,price_change,0.47,SELL,-9,0.41,0.43999999999999995
2026-01-04T17:03:22.138824Z,price_change,0.43000000000000005,SELL,100,0.41,0.43000000000000005
2026-01-04T17:03:22.13969Z,price_change,0.45999999999999996,SELL,-100,0.41,0.43000000000000005
2026-01-04T17:03:22.209443Z,price_change,0.44999999999999996,SELL,-10,0.41,0.43000000000000005
2026-01-04T17:03:22.472657Z,price_change,0.44999999999999996,SELL,-1,0.41,0.43000000000000005
2026-01-04T17:03:22.472657Z,price_change,0.43000000000000005,SELL,1,0.41,0.43000000000000005
2026-01-04T17:03:22.982483Z,price_change,0.47,SELL,-50,0.41,0.43000000000000005
2026-01-04T17:03:22.998675Z,price_change,0.43000000000000005,SELL,1000,0.41,0.43000000000000005
2026-01-04T17:03:23.003921Z,price_change,0.35,BUY,-75,0.41,0.43000000000000005
2026-01-04T17:03:23.023474Z,price_change,0.35,BUY,-53,0.41,0.43000000000000005
2026-01-04T17:03:23.049784Z,price_change,0.35,BUY,-107,0.41,0.43000000000000005
2026-01-04T17:03:23.049784Z,price_change,0.34,BUY,107,0.41,0.43000000000000005
2026-01-04T17:03:23.160017Z,price_change,0.34,BUY,100,0.41,0.43000000000000005
2026-01-04T17:03:23.161728Z,price_change,0.42000000000000004,SELL,100,0.41,0.42000000000000004
2026-01-04T17:03:23.184596Z,price_change,0.34,BUY,-107,0.41,0.42000000000000004
2026-01-04T17:03:23.184596Z,price_change,0.35,BUY,107,0.41,0.42000000000000004
2026-01-04T17:03:23.191298Z,price_change,0.43000000000000005,SELL,-100,0.41,0.42000000000000004
2026-01-04T17:03:23.192945Z,price_change,0.42000000000000004,SELL,100,0.41,0.42000000000000004
2026-01-04T17:03:23.230548Z,price_change,0.41,BUY,31,0.41,0.42000000000000004
2026-01-04T17:03:23.257471Z,price_change,0.35,BUY,-107,0.41,0.42000000000000004
2026-01-04T17:03:23.257471Z,price_change,0.34,BUY,338,0.41,0.42000000000000004
2026-01-04T17:03:23.267785Z,price_change,0.35,BUY,22,0.41,0.42000000000000004
2026-01-04T17:03:23.278393Z,price_change,0.43000000000000005,SELL,-1000,0.41,0.42000000000000004
2026-01-04T17:03:23.331567Z,price_change,0.43000000000000005,SELL,100,0.41,0.42000000000000004
2026-01-04T17:03:23.333408Z,price_change,0.42000000000000004,SELL,-100,0.41,0.42000000000000004
2026-01-04T17:03:23.410087Z,price_change,0.42000000000000004,SELL,1000,0.41,0.42000000000000004
2026-01-04T17:03:23.423733Z,price_change,0.34,BUY,-1,0.41,0.42000000000000004
2026-01-04T17:03:23.438982Z,price_change,0.35,BUY,-1,0.41,0.42000000000000004
2026-01-04T17:03:23.454527Z,price_change,0.34,BUY,1,0.41,0.42000000000000004
2026-01-04T17:03:23.660653Z,price_change,0.41,BUY,-31,0.41,0.42000000000000004
2026-01-04T17:03:23.677693Z,price_change,0.34,BUY,-31,0.41,0.42000000000000004
2026-01-04T17:03:23.680621Z,price_change,0.39,BUY,-31,0.41,0.42000000000000004
2026-01-04T17:03:23.689311Z,price_change,0.35,BUY,-21,0.41,0.42000000000000004
2026-01-04T17:03:23.689311Z,price_change,0.34,BUY,40,0.41,0.42000000000000004
2026-01-04T17:03:23.702392Z,price_change,0.34,BUY,-31,0.41,0.42000000000000004
2026-01-04T17:03:23.81744Z,price_change,0.42000000000000004,SELL,10,0.41,0.42000000000000004
2026-01-04T17:03:23.843943Z,price_change,0.34,BUY,-22,0.41,0.42000000000000004
2026-01-04T17:03:24.331997Z,price_change,0.42000000000000004,SELL,100,0.41,0.42000000000000004
2026-01-04T17:03:24.33312Z,price_change,0.43000000000000005,SELL,-100,0.41,0.42000000000000004
2026-01-04T17:03:24.909278Z,price_change,0.42000000000000004,SELL,-10,0.41,0.42000000000000004
2026-01-04T17:03:24.928291Z,price_change,0.42000000000000004,SELL,-11,0.41,0.42000000000000004
2026-01-04T17:03:25.239569Z,price_change,0.42000000000000004,SELL,10,0.41,0.42000000000000004
2026-01-04T17:03:25.600103Z,price_change,0.34,BUY,-158,0.41,0.42000000000000004
2026-01-04T17:03:25.610416Z,price_change,0.43000000000000005,SELL,-1,0.41,0.42000000000000004
2026-01-04T17:03:25.610416Z,price_change,0.42000000000000004,SELL,1,0.41,0.42000000000000004
2026-01-04T17:03:25.687646Z,price_change,0.34,BUY,-118,0.41,0.42000000000000004
2026-01-04T17:03:25.687646Z,price_change,0.33,BUY,175,0.41,0.42000000000000004
2026-01-04T17:03:26.360456Z,price_change,0.42000000000000004,SELL,-89,0.41,0.42000000000000004
