timestamp,event_type,price,side,size,best_bid,best_ask
,book,0.7000,BUY,85,0.7000,0.71
,book,0.71,SELL,15118,0.7000,0.71
2026-01-08T01:06:14.713376Z,price_change,0.27,BUY,-247,0.7,0.7100
2026-01-08T01:06:14.764266Z,price_change,0.25,BUY,247,0.7,0.7100
2026-01-08T01:06:15.143262Z,price_change,0.68,BUY,342,0.7,0.7100
,book,0.7000,BUY,24714,0.7000,0.71
,book,0.71,SELL,15785,0.7000,0.71
2026-01-08T01:07:43.968703Z,price_change,0.7100,SELL,-1,0.7,0.7100
1767834463,last_trade_price,0.71,BUY,1,0.7,0.7100
2026-01-08T01:07:44.000504Z,price_change,0.59,BUY,-700,0.7,0.7100
2026-01-08T01:07:44.000504Z,price_change,0.7600,SELL,-700,0.7,0.7100
2026-01-08T01:07:44.821639Z,price_change,0.7100,SELL,-1,0.7,0.7100
1767834464,last_trade_price,0.71,BUY,1,0.7,0.7100
2026-01-08T01:07:47.479451Z,price_change,0.7300,SELL,-1066,0.7,0.7100
2026-01-08T01:07:49.268876Z,price_change,0.7400,SELL,16800,0.7,0.7100
2026-01-08T01:07:49.414499Z,price_change,0.7500,SELL,-16800,0.7,0.7100
2026-01-08T01:07:49.755307Z,price_change,0.7400,SELL,1066,0.7,0.7100
2026-01-08T01:07:50.064302Z,price_change,0.7100,SELL,-69,0.7,0.7100
1767834470,last_trade_price,0.71,BUY,69,0.7,0.7100
2026-01-08T01:07:51.25424Z,price_change,0.68,BUY,-1901,0.7,0.7100
2026-01-08T01:07:51.278479Z,price_change,0.69,BUY,-1901,0.7,0.7100
2026-01-08T01:07:51.317684Z,price_change,0.69,BUY,1901,0.7,0.7100
2026-01-08T01:07:51.320739Z,price_change,0.7,BUY,1901,0.7,0.7100
2026-01-08T01:07:51.390763Z,price_change,0.7,BUY,-1901,0.7,0.7100
2026-01-08T01:07:51.433616Z,price_change,0.69,BUY,1901,0.7,0.7100
2026-01-08T01:07:51.468346Z,price_change,0.69,BUY,-1901,0.7,0.7100
2026-01-08T01:07:51.509996Z,price_change,0.68,BUY,1901,0.7,0.7100
2026-01-08T01:07:51.590529Z,price_change,0.7200,SELL,-94,0.7,0.7100
2026-01-08T01:07:51.590529Z,price_change,0.7100,SELL,94,0.7,0.7100
2026-01-08T01:07:55.589616Z,price_change,0.7100,SELL,-8,0.7,0.7100
1767834475,last_trade_price,0.71,BUY,8,0.7,0.7100
2026-01-08T01:07:56.12827Z,price_change,0.68,BUY,150,0.7,0.7100
2026-01-08T01:07:56.143524Z,price_change,0.67,BUY,-150,0.7,0.7100
2026-01-08T01:07:56.834828Z,price_change,0.59,BUY,700,0.7,0.7100
2026-01-08T01:07:56.837725Z,price_change,0.7600,SELL,700,0.7,0.7100
2026-01-08T01:07:57.228587Z,price_change,0.8500,SELL,100,0.7,0.7100
2026-01-08T01:07:58.374697Z,price_change,0.68,BUY,-1901,0.7,0.7100
2026-01-08T01:07:59.000563Z,price_change,0.7600,SELL,-700,0.7,0.7100
2026-01-08T01:07:59.000563Z,price_change,0.59,BUY,-700,0.7,0.7100
2026-01-08T01:07:59.11689Z,price_change,0.69,BUY,100,0.7,0.7100
2026-01-08T01:07:59.327031Z,price_change,0.69,BUY,1901,0.7,0.7100
2026-01-08T01:08:00.815694Z,price_change,0.7,BUY,-24714,0.69,0.7100
2026-01-08T01:08:00.815694Z,price_change,0.7000,SELL,15286,0.69,0.7000
1767834480,last_trade_price,0.3,SELL,24714,0.69,0.7000
2026-01-08T01:08:00.853074Z,price_change,0.65,BUY,121,0.69,0.7000
2026-01-08T01:08:00.979639Z,price_change,0.69,BUY,-1901,0.69,0.7000
2026-01-08T01:08:00.981519Z,price_change,0.67,BUY,-2851,0.69,0.7000
2026-01-08T01:08:00.982823Z,price_change,0.7400,SELL,-2851,0.69,0.7000
2026-01-08T01:08:00.983796Z,price_change,0.7300,SELL,-1901,0.69,0.7000
2026-01-08T01:08:00.98453Z,price_change,0.7400,SELL,-24714,0.69,0.7000
2026-01-08T01:08:00.98453Z,price_change,0.41,BUY,-7604,0.69,0.7000
2026-01-08T01:08:00.985205Z,price_change,0.31,BUY,-47528,0.69,0.7000
2026-01-08T01:08:00.985953Z,price_change,0.7200,SELL,-24714,0.69,0.7000
2026-01-08T01:08:00.986759Z,price_change,0.7200,SELL,-1901,0.69,0.7000
2026-01-08T01:08:00.987953Z,price_change,0.7400,SELL,-24714,0.69,0.7000
2026-01-08T01:08:00.990124Z,price_change,0.9900,SELL,7604,0.69,0.7000
2026-01-08T01:08:01.019046Z,price_change,0.7300,SELL,1066,0.69,0.7000
2026-01-08T01:08:01.027704Z,price_change,0.49,BUY,-274,0.69,0.7000
2026-01-08T01:08:01.03093Z,price_change,0.54,BUY,213,0.69,0.7000
2026-01-08T01:08:01.132712Z,price_change,0.41,BUY,7604,0.69,0.7000
2026-01-08T01:08:01.133109Z,price_change,0.31,BUY,47528,0.69,0.7000
2026-01-08T01:08:01.133702Z,price_change,0.68,BUY,1901,0.69,0.7000
2026-01-08T01:08:01.133904Z,price_change,0.9900,SELL,-7604,0.69,0.7000
2026-01-08T01:08:01.134412Z,price_change,0.7300,SELL,24714,0.69,0.7000
2026-01-08T01:08:01.134532Z,price_change,0.67,BUY,2851,0.69,0.7000
2026-01-08T01:08:01.136659Z,price_change,0.7100,SELL,24714,0.69,0.7000
2026-01-08T01:08:01.137193Z,price_change,0.7200,SELL,1901,0.69,0.7000
2026-01-08T01:08:01.137286Z,price_change,0.7400,SELL,2851,0.69,0.7000
2026-01-08T01:08:01.138052Z,price_change,0.7100,SELL,1901,0.69,0.7000
2026-01-08T01:08:01.261955Z,price_change,0.68,BUY,24714,0.69,0.7000
2026-01-08T01:08:01.361286Z,price_change,0.7400,SELL,-1066,0.69,0.7000
2026-01-08T01:08:01.41165Z,price_change,0.69,BUY,24714,0.69,0.7000
2026-01-08T01:08:01.449039Z,price_change,0.65,BUY,-121,0.69,0.7000
2026-01-08T01:08:02.102385Z,price_change,0.7000,SELL,-69,0.69,0.7000
1767834482,last_trade_price,0.7,BUY,69,0.69,0.7000
2026-01-08T01:08:02.128287Z,price_change,0.7100,SELL,-1901,0.69,0.7000
2026-01-08T01:08:02.16754Z,price_change,0.7200,SELL,1901,0.69,0.7000
2026-01-08T01:08:02.677687Z,price_change,0.7200,SELL,-50000,0.69,0.7000
2026-01-08T01:08:02.677687Z,price_change,0.7100,SELL,50000,0.69,0.7000
2026-01-08T01:08:02.773644Z,price_change,0.7200,SELL,-1901,0.69,0.7000
2026-01-08T01:08:02.819797Z,price_change,0.7300,SELL,1901,0.69,0.7000
2026-01-08T01:08:03.463279Z,price_change,0.7000,SELL,-34,0.69,0.7000
1767834483,last_trade_price,0.7,BUY,34,0.69,0.7000
2026-01-08T01:08:06.144916Z,price_change,0.7100,SELL,-94,0.69,0.7000
2026-01-08T01:08:06.144916Z,price_change,0.7000,SELL,94,0.69,0.7000
2026-01-08T01:08:07.376995Z,price_change,0.7000,SELL,-5,0.69,0.7000
1767834487,last_trade_price,0.7,BUY,5,0.69,0.7000
2026-01-08T01:08:10.564968Z,price_change,0.7000,SELL,-6,0.69,0.7000
1767834490,last_trade_price,0.7,BUY,6,0.69,0.7000
2026-01-08T01:08:12.005067Z,price_change,0.69,BUY,-94,0.69,0.7000
2026-01-08T01:08:12.005067Z,price_change,0.7000,SELL,-94,0.69,0.7000
1767834492,last_trade_price,0.31,SELL,94,0.69,0.7000
2026-01-08T01:08:12.159805Z,price_change,0.7000,SELL,-34,0.69,0.7000
1767834492,last_trade_price,0.7,BUY,34,0.69,0.7000
2026-01-08T01:08:12.284016Z,price_change,0.7500,SELL,700,0.69,0.7000
2026-01-08T01:08:12.749527Z,price_change,0.7200,SELL,-1,0.69,0.7000
2026-01-08T01:08:12.749527Z,price_change,0.7100,SELL,1,0.69,0.7000
2026-01-08T01:08:13.656718Z,price_change,0.7400,SELL,50,0.69,0.7000
2026-01-08T01:08:14.536284Z,price_change,0.7200,SELL,-25000,0.69,0.7000
2026-01-08T01:08:14.536284Z,price_change,0.7100,SELL,25000,0.69,0.7000
2026-01-08T01:08:15.000273Z,price_change,0.7500,SELL,-700,0.69,0.7000
2026-01-08T01:08:15.602109Z,price_change,0.7000,SELL,-13,0.69,0.7000
1767834495,last_trade_price,0.7,BUY,13,0.69,0.7000
2026-01-08T01:08:16.772471Z,price_change,0.7000,SELL,-520,0.69,0.7000
1767834496,last_trade_price,0.7,BUY,520,0.69,0.7000
,book,0.6900,BUY,62385,0.6900,0.71
,book,0.71,SELL,89397,0.6900,0.71
2026-01-08T01:10:33.151635Z,price_change,0.67,BUY,-1901,0.69,0.7100
2026-01-08T01:10:33.187821Z,price_change,0.69,BUY,1901,0.69,0.7100
2026-01-08T01:10:35.065009Z,price_change,0.7100,SELL,-20,0.69,0.7100
1767834635,last_trade_price,0.71,BUY,20,0.69,0.7100
2026-01-08T01:10:35.384658Z,price_change,0.7600,SELL,700,0.69,0.7100
2026-01-08T01:10:35.412468Z,price_change,0.57,BUY,700,0.69,0.7100
2026-01-08T01:10:36.024339Z,price_change,0.69,BUY,-5000,0.69,0.7100
2026-01-08T01:10:36.047313Z,price_change,0.68,BUY,5000,0.69,0.7100
2026-01-08T01:10:37.753841Z,price_change,0.69,BUY,-1079,0.69,0.7100
2026-01-08T01:10:37.754839Z,price_change,0.7200,SELL,-420,0.69,0.7100
2026-01-08T01:10:37.769232Z,price_change,0.7,BUY,1079,0.7,0.7100
2026-01-08T01:10:37.770421Z,price_change,0.7300,SELL,420,0.7,0.7100
2026-01-08T01:10:37.773663Z,price_change,0.68,BUY,-5000,0.7,0.7100
2026-01-08T01:10:37.797411Z,price_change,0.69,BUY,-1901,0.7,0.7100
2026-01-08T01:10:37.803213Z,price_change,0.69,BUY,5000,0.7,0.7100
2026-01-08T01:10:37.821678Z,price_change,0.68,BUY,-24714,0.7,0.7100
2026-01-08T01:10:37.822593Z,price_change,0.69,BUY,-24714,0.7,0.7100
2026-01-08T01:10:37.824161Z,price_change,0.68,BUY,-24714,0.7,0.7100
2026-01-08T01:10:37.830086Z,price_change,0.67,BUY,1901,0.7,0.7100
2026-01-08T01:10:37.881108Z,price_change,0.7,BUY,24714,0.7,0.7100
2026-01-08T01:10:38.000415Z,price_change,0.57,BUY,-700,0.7,0.7100
2026-01-08T01:10:38.000415Z,price_change,0.7600,SELL,-700,0.7,0.7100
2026-01-08T01:10:38.147353Z,price_change,0.7100,SELL,-1,0.7,0.7100
2026-01-08T01:10:38.147353Z,price_change,0.7200,SELL,1,0.7,0.7100
2026-01-08T01:10:42.264208Z,price_change,0.67,BUY,-1901,0.7,0.7100
2026-01-08T01:10:42.44232Z,price_change,0.69,BUY,1901,0.7,0.7100
2026-01-08T01:10:43.666511Z,price_change,0.7100,SELL,-69,0.7,0.7100
1767834643,last_trade_price,0.71,BUY,69,0.7,0.7100
2026-01-08T01:10:47.221326Z,price_change,0.7100,SELL,-138,0.7,0.7100
1767834647,last_trade_price,0.71,BUY,138,0.7,0.7100
2026-01-08T01:10:50.536851Z,price_change,0.59,BUY,700,0.7,0.7100
2026-01-08T01:10:50.540755Z,price_change,0.7600,SELL,700,0.7,0.7100
2026-01-08T01:10:51.791021Z,price_change,0.7100,SELL,-100,0.7,0.7100
1767834651,last_trade_price,0.71,BUY,100,0.7,0.7100
2026-01-08T01:10:53.003656Z,price_change,0.7600,SELL,-700,0.7,0.7100
2026-01-08T01:10:53.003656Z,price_change,0.59,BUY,-700,0.7,0.7100
2026-01-08T01:11:03.75624Z,price_change,0.7100,SELL,-27,0.7,0.7100
1767834663,last_trade_price,0.71,BUY,27,0.7,0.7100
2026-01-08T01:11:04.949201Z,price_change,0.7100,SELL,-13,0.7,0.7100
1767834664,last_trade_price,0.71,BUY,13,0.7,0.7100
2026-01-08T01:11:05.386819Z,price_change,0.7,BUY,-1079,0.7,0.7100
2026-01-08T01:11:05.388494Z,price_change,0.7300,SELL,-420,0.7,0.7100
2026-01-08T01:11:05.398437Z,price_change,0.68,BUY,540,0.7,0.7100
2026-01-08T01:11:05.399833Z,price_change,0.7100,SELL,960,0.7,0.7100
2026-01-08T01:11:05.425415Z,price_change,0.7,BUY,-24714,0.69,0.7100
2026-01-08T01:11:05.426257Z,price_change,0.69,BUY,-1901,0.69,0.7100
2026-01-08T01:11:05.450834Z,price_change,0.54,BUY,-213,0.69,0.7100
2026-01-08T01:11:05.453332Z,price_change,0.56,BUY,222,0.69,0.7100
2026-01-08T01:11:05.463985Z,price_change,0.69,BUY,24714,0.69,0.7100
2026-01-08T01:11:05.465241Z,price_change,0.67,BUY,1901,0.69,0.7100
2026-01-08T01:11:05.466808Z,price_change,0.68,BUY,24714,0.69,0.7100
2026-01-08T01:11:05.590292Z,price_change,0.65,BUY,45,0.69,0.7100
2026-01-08T01:11:05.607506Z,price_change,0.65,BUY,-45,0.69,0.7100
2026-01-08T01:11:05.740784Z,price_change,0.7600,SELL,700,0.69,0.7100
2026-01-08T01:11:05.740844Z,price_change,0.57,BUY,700,0.69,0.7100
2026-01-08T01:11:05.783404Z,price_change,0.68,BUY,24714,0.69,0.7100
2026-01-08T01:11:08.00012Z,price_change,0.57,BUY,-700,0.69,0.7100
2026-01-08T01:11:08.00012Z,price_change,0.7600,SELL,-700,0.69,0.7100
2026-01-08T01:11:08.907132Z,price_change,0.67,BUY,-1901,0.69,0.7100
2026-01-08T01:11:08.97308Z,price_change,0.69,BUY,1901,0.69,0.7100
2026-01-08T01:11:13.571936Z,price_change,0.7100,SELL,-100,0.69,0.7100
1767834673,last_trade_price,0.71,BUY,100,0.69,0.7100
2026-01-08T01:11:15.190975Z,price_change,0.7100,SELL,-8,0.69,0.7100
1767834675,last_trade_price,0.71,BUY,8,0.69,0.7100
2026-01-08T01:11:17.001299Z,price_change,0.7100,SELL,-1,0.69,0.7100
1767834677,last_trade_price,0.71,BUY,1,0.69,0.7100
2026-01-08T01:11:17.579687Z,price_change,0.69,BUY,-5000,0.69,0.7100
2026-01-08T01:11:17.597394Z,price_change,0.68,BUY,5000,0.69,0.7100
2026-01-08T01:11:17.730688Z,price_change,0.7200,SELL,-1,0.69,0.7100
2026-01-08T01:11:17.730688Z,price_change,0.7100,SELL,1,0.69,0.7100
2026-01-08T01:11:18.552854Z,price_change,0.7,BUY,4,0.7,0.7100
2026-01-08T01:11:18.595157Z,price_change,0.69,BUY,-1901,0.7,0.7100
2026-01-08T01:11:18.653092Z,price_change,0.68,BUY,1901,0.7,0.7100
2026-01-08T01:11:20.718007Z,price_change,0.7,BUY,12,0.7,0.7100
2026-01-08T01:11:20.933978Z,price_change,0.59,BUY,700,0.7,0.7100
2026-01-08T01:11:20.934786Z,price_change,0.7600,SELL,700,0.7,0.7100
2026-01-08T01:11:22.520888Z,price_change,0.68,BUY,-5000,0.7,0.7100
2026-01-08T01:11:22.546503Z,price_change,0.69,BUY,5000,0.7,0.7100
2026-01-08T01:11:22.625839Z,price_change,0.68,BUY,-1901,0.7,0.7100
2026-01-08T01:11:22.681307Z,price_change,0.7100,SELL,-8,0.7,0.7100
1767834682,last_trade_price,0.71,BUY,8,0.7,0.7100
2026-01-08T01:11:22.695123Z,price_change,0.67,BUY,1901,0.7,0.7100
2026-01-08T01:11:23.000591Z,price_change,0.7600,SELL,-700,0.7,0.7100
2026-01-08T01:11:23.000591Z,price_change,0.59,BUY,-700,0.7,0.7100
2026-01-08T01:11:24.149225Z,price_change,0.7,BUY,-4,0.7,0.7100
1767834684,last_trade_price,0.3,SELL,4,0.7,0.7100
2026-01-08T01:11:24.200489Z,price_change,0.67,BUY,-1901,0.7,0.7100
2026-01-08T01:11:24.232145Z,price_change,0.69,BUY,1901,0.7,0.7100
2026-01-08T01:11:28.115184Z,price_change,0.68,BUY,3180,0.7,0.7100
2026-01-08T01:11:28.307497Z,price_change,0.66,BUY,-2946,0.7,0.7100
2026-01-08T01:11:29.063644Z,price_change,0.7100,SELL,-200,0.7,0.7100
1767834689,last_trade_price,0.71,BUY,200,0.7,0.7100
2026-01-08T01:11:35.325142Z,price_change,0.69,BUY,-1901,0.7,0.7100
2026-01-08T01:11:35.390964Z,price_change,0.68,BUY,1901,0.7,0.7100
2026-01-08T01:11:36.184483Z,price_change,0.59,BUY,700,0.7,0.7100
2026-01-08T01:11:36.184901Z,price_change,0.7600,SELL,700,0.7,0.7100
2026-01-08T01:11:38.986907Z,price_change,0.7100,SELL,10000,0.7,0.7100
2026-01-08T01:11:39.000264Z,price_change,0.7600,SELL,-700,0.7,0.7100
2026-01-08T01:11:39.000264Z,price_change,0.59,BUY,-700,0.7,0.7100
2026-01-08T01:11:39.196141Z,price_change,0.7100,SELL,-10,0.7,0.7100
1767834699,last_trade_price,0.71,BUY,10,0.7,0.7100
2026-01-08T01:11:39.963728Z,price_change,0.68,BUY,-1901,0.7,0.7100
2026-01-08T01:11:40.104632Z,price_change,0.69,BUY,1901,0.7,0.7100
2026-01-08T01:11:40.116372Z,price_change,0.7100,SELL,-1,0.7,0.7100
2026-01-08T01:11:40.116372Z,price_change,0.7200,SELL,1,0.7,0.7100
2026-01-08T01:11:42.54786Z,price_change,0.7100,SELL,-68,0.7,0.7100
1767834702,last_trade_price,0.71,BUY,68,0.7,0.7100
2026-01-08T01:11:42.587174Z,price_change,0.69,BUY,-1901,0.7,0.7100
2026-01-08T01:11:42.617165Z,price_change,0.69,BUY,1901,0.7,0.7100
2026-01-08T01:11:42.644432Z,price_change,0.69,BUY,-1901,0.7,0.7100
2026-01-08T01:11:42.691242Z,price_change,0.68,BUY,1901,0.7,0.7100
2026-01-08T01:11:43.433062Z,price_change,0.7,BUY,50,0.7,0.7100
2026-01-08T01:11:45.27781Z,price_change,0.7100,SELL,-79,0.7,0.7100
1767834705,last_trade_price,0.71,BUY,79,0.7,0.7100
2026-01-08T01:11:48.55456Z,price_change,0.3,BUY,10,0.7,0.7100
2026-01-08T01:11:50.852399Z,price_change,0.7100,SELL,-102,0.7,0.7100
1767834710,last_trade_price,0.71,BUY,102,0.7,0.7100
2026-01-08T01:11:50.865199Z,price_change,0.7200,SELL,-1,0.7,0.7100
2026-01-08T01:11:50.865199Z,price_change,0.7100,SELL,1,0.7,0.7100
2026-01-08T01:11:51.434881Z,price_change,0.7600,SELL,700,0.7,0.7100
2026-01-08T01:11:51.434894Z,price_change,0.59,BUY,700,0.7,0.7100
2026-01-08T01:11:54.000001Z,price_change,0.59,BUY,-700,0.7,0.7100
2026-01-08T01:11:54.000001Z,price_change,0.7600,SELL,-700,0.7,0.7100
2026-01-08T01:11:58.904119Z,price_change,0.7100,SELL,-1,0.7,0.7100
2026-01-08T01:11:58.904119Z,price_change,0.7200,SELL,1,0.7,0.7100
2026-01-08T01:12:02.187886Z,price_change,0.7100,SELL,-20,0.7,0.7100
1767834722,last_trade_price,0.71,BUY,20,0.7,0.7100
2026-01-08T01:12:05.739021Z,price_change,0.7700,SELL,10,0.7,0.7100
,book,0.7000,BUY,26725,0.7000,0.71
,book,0.71,SELL,33444,0.7000,0.71
2026-01-08T01:18:13.533181Z,price_change,0.7100,SELL,-27,0.7,0.7100
1767835093,last_trade_price,0.71,BUY,27,0.7,0.7100
2026-01-08T01:18:14.267435Z,price_change,0.7100,SELL,-19,0.7,0.7100
1767835094,last_trade_price,0.71,BUY,19,0.7,0.7100
2026-01-08T01:18:14.635374Z,price_change,0.59,BUY,781,0.7,0.7100
2026-01-08T01:18:14.637237Z,price_change,0.7600,SELL,781,0.7,0.7100
2026-01-08T01:18:17.000264Z,price_change,0.7600,SELL,-781,0.7,0.7100
2026-01-08T01:18:17.000264Z,price_change,0.59,BUY,-781,0.7,0.7100
2026-01-08T01:18:20.721446Z,price_change,0.7100,SELL,-2,0.7,0.7100
1767835100,last_trade_price,0.71,BUY,2,0.7,0.7100
2026-01-08T01:18:22.640698Z,price_change,0.7100,SELL,-1,0.7,0.7100
1767835102,last_trade_price,0.71,BUY,1,0.7,0.7100
2026-01-08T01:18:26.040295Z,price_change,0.7100,SELL,-1,0.7,0.7100
1767835106,last_trade_price,0.71,BUY,1,0.7,0.7100
,book,0.7000,BUY,26225,0.7000,0.71
,book,0.71,SELL,31737,0.7000,0.71
2026-01-08T01:19:40.910013Z,price_change,0.67,BUY,-2851,0.7,0.7100
2026-01-08T01:19:40.910696Z,price_change,0.7400,SELL,-2851,0.7,0.7100
2026-01-08T01:19:40.914752Z,price_change,0.31,BUY,-47528,0.7,0.7100
2026-01-08T01:19:40.91501Z,price_change,0.41,BUY,-7604,0.7,0.7100
2026-01-08T01:19:41.013131Z,price_change,0.7500,SELL,2851,0.7,0.7100
2026-01-08T01:19:41.013572Z,price_change,0.32,BUY,47528,0.7,0.7100
2026-01-08T01:19:41.01408Z,price_change,0.42,BUY,7604,0.7,0.7100
2026-01-08T01:19:41.014672Z,price_change,0.68,BUY,2851,0.7,0.7100
2026-01-08T01:19:41.195377Z,price_change,0.42,BUY,-7604,0.7,0.7100
2026-01-08T01:19:41.197231Z,price_change,0.68,BUY,-2851,0.7,0.7100
2026-01-08T01:19:41.197697Z,price_change,0.32,BUY,-47528,0.7,0.7100
2026-01-08T01:19:41.19803Z,price_change,0.7500,SELL,-2851,0.7,0.7100
2026-01-08T01:19:41.235889Z,price_change,0.41,BUY,7604,0.7,0.7100
2026-01-08T01:19:41.240982Z,price_change,0.67,BUY,2851,0.7,0.7100
2026-01-08T01:19:41.242035Z,price_change,0.7400,SELL,2851,0.7,0.7100
2026-01-08T01:19:41.244092Z,price_change,0.31,BUY,47528,0.7,0.7100
2026-01-08T01:19:44.495017Z,price_change,0.7,BUY,-16,0.7,0.7100
1767835184,last_trade_price,0.3,SELL,16,0.7,0.7100
2026-01-08T01:19:51.93734Z,price_change,0.59,BUY,781,0.7,0.7100
2026-01-08T01:19:51.941949Z,price_change,0.7600,SELL,781,0.7,0.7100
2026-01-08T01:19:53.633758Z,price_change,0.7100,SELL,-11,0.7,0.7100
1767835193,last_trade_price,0.71,BUY,11,0.7,0.7100
2026-01-08T01:19:54.000124Z,price_change,0.59,BUY,-781,0.7,0.7100
2026-01-08T01:19:54.000124Z,price_change,0.7600,SELL,-781,0.7,0.7100
2026-01-08T01:19:55.947366Z,price_change,0.7100,SELL,-34,0.7,0.7100
1767835195,last_trade_price,0.71,BUY,34,0.7,0.7100
2026-01-08T01:19:56.427869Z,price_change,0.7100,SELL,-138,0.7,0.7100
1767835196,last_trade_price,0.71,BUY,138,0.7,0.7100
2026-01-08T01:19:57.001788Z,price_change,0.7400,SELL,-16800,0.7,0.7100
2026-01-08T01:19:57.001788Z,price_change,0.69,BUY,-3309,0.7,0.7100
2026-01-08T01:19:59.542256Z,price_change,0.31,BUY,-47528,0.7,0.7100
2026-01-08T01:19:59.542624Z,price_change,0.41,BUY,-7604,0.7,0.7100
2026-01-08T01:19:59.543106Z,price_change,0.67,BUY,-2851,0.7,0.7100
2026-01-08T01:19:59.544146Z,price_change,0.7400,SELL,-2851,0.7,0.7100
2026-01-08T01:19:59.563042Z,price_change,0.8000,SELL,-20,0.7,0.7100
2026-01-08T01:19:59.61725Z,price_change,0.7500,SELL,2851,0.7,0.7100
2026-01-08T01:19:59.618957Z,price_change,0.68,BUY,2851,0.7,0.7100
2026-01-08T01:19:59.619524Z,price_change,0.32,BUY,47528,0.7,0.7100
2026-01-08T01:19:59.619959Z,price_change,0.42,BUY,7604,0.7,0.7100
2026-01-08T01:19:59.64661Z,price_change,0.8000,SELL,-20,0.7,0.7100
2026-01-08T01:19:59.730092Z,price_change,0.8000,SELL,-20,0.7,0.7100
2026-01-08T01:19:59.924314Z,price_change,0.7400,SELL,20,0.7,0.7100
2026-01-08T01:19:59.940492Z,price_change,0.7400,SELL,20,0.7,0.7100
2026-01-08T01:19:59.954246Z,price_change,0.7400,SELL,20,0.7,0.7100
2026-01-08T01:20:02.119874Z,price_change,0.7100,SELL,-100,0.7,0.7100
1767835202,last_trade_price,0.71,BUY,100,0.7,0.7100
2026-01-08T01:20:03.922225Z,price_change,0.7100,SELL,-12,0.7,0.7100
1767835203,last_trade_price,0.71,BUY,12,0.7,0.7100
2026-01-08T01:20:08.382109Z,price_change,0.59,BUY,781,0.7,0.7100
2026-01-08T01:20:08.38543Z,price_change,0.7600,SELL,781,0.7,0.7100
2026-01-08T01:20:11.000277Z,price_change,0.59,BUY,-781,0.7,0.7100
2026-01-08T01:20:11.000277Z,price_change,0.7600,SELL,-781,0.7,0.7100
2026-01-08T01:20:12.058184Z,price_change,0.7100,SELL,-25000,0.7,0.7100
2026-01-08T01:20:12.084719Z,price_change,0.69,BUY,-5000,0.7,0.7100
2026-01-08T01:20:12.098888Z,price_change,0.7100,SELL,-6222,0.7,0.7100
2026-01-08T01:20:12.101192Z,price_change,0.7,BUY,5000,0.7,0.7100
2026-01-08T01:20:12.131558Z,price_change,0.32,BUY,-47528,0.7,0.7100
2026-01-08T01:20:12.131857Z,price_change,0.7500,SELL,-2851,0.7,0.7100
2026-01-08T01:20:12.133193Z,price_change,0.68,BUY,-2851,0.7,0.7100
2026-01-08T01:20:12.136368Z,price_change,0.42,BUY,-7604,0.7,0.7100
2026-01-08T01:20:12.138227Z,price_change,0.7200,SELL,15000,0.7,0.7100
2026-01-08T01:20:12.317914Z,price_change,0.68,BUY,2851,0.7,0.7100
2026-01-08T01:20:12.318247Z,price_change,0.32,BUY,47528,0.7,0.7100
2026-01-08T01:20:12.321043Z,price_change,0.42,BUY,7604,0.7,0.7100
2026-01-08T01:20:12.322328Z,price_change,0.7500,SELL,2851,0.7,0.7100
2026-01-08T01:20:12.357186Z,price_change,0.7,BUY,-5000,0.7,0.7100
2026-01-08T01:20:12.378527Z,price_change,0.7,BUY,24714,0.7,0.7100
2026-01-08T01:20:12.440135Z,price_change,0.7,BUY,-24714,0.7,0.7100
2026-01-08T01:20:12.461531Z,price_change,0.69,BUY,5000,0.7,0.7100
2026-01-08T01:20:12.842564Z,price_change,0.7200,SELL,1,0.7,0.7100
2026-01-08T01:20:12.882292Z,price_change,0.7500,SELL,-2851,0.7,0.7100
2026-01-08T01:20:12.88357Z,price_change,0.68,BUY,-2851,0.7,0.7100
2026-01-08T01:20:12.88563Z,price_change,0.32,BUY,-47528,0.7,0.7100
2026-01-08T01:20:12.890133Z,price_change,0.42,BUY,-7604,0.7,0.7100
2026-01-08T01:20:12.93608Z,price_change,0.41,BUY,7604,0.7,0.7100
2026-01-08T01:20:12.93716Z,price_change,0.31,BUY,47528,0.7,0.7100
2026-01-08T01:20:12.941787Z,price_change,0.7400,SELL,2851,0.7,0.7100
2026-01-08T01:20:12.954115Z,price_change,0.67,BUY,2851,0.7,0.7100
2026-01-08T01:20:13.902044Z,price_change,0.7200,SELL,24714,0.7,0.7100
2026-01-08T01:20:14.850263Z,price_change,0.69,BUY,-510,0.7,0.7100
2026-01-08T01:20:14.85146Z,price_change,0.7200,SELL,-990,0.7,0.7100
2026-01-08T01:20:14.860339Z,price_change,0.68,BUY,510,0.7,0.7100
2026-01-08T01:20:14.867606Z,price_change,0.7100,SELL,990,0.7,0.7100
2026-01-08T01:20:14.937933Z,price_change,0.7100,SELL,-13,0.7,0.7100
1767835214,last_trade_price,0.71,BUY,13,0.7,0.7100
2026-01-08T01:20:14.971762Z,price_change,0.7200,SELL,-15000,0.7,0.7100
2026-01-08T01:20:14.993082Z,price_change,0.7100,SELL,15000,0.7,0.7100
2026-01-08T01:20:15.120417Z,price_change,0.7200,SELL,-1,0.7,0.7100
2026-01-08T01:20:15.423128Z,price_change,0.7100,SELL,-6,0.7,0.7100
1767835215,last_trade_price,0.71,BUY,6,0.7,0.7100
2026-01-08T01:20:15.920913Z,price_change,0.7100,SELL,1,0.7,0.7100
2026-01-08T01:20:15.970739Z,price_change,0.7,BUY,-1901,0.7,0.7100
2026-01-08T01:20:16.008157Z,price_change,0.69,BUY,1901,0.7,0.7100
2026-01-08T01:20:19.257602Z,price_change,0.7100,SELL,1,0.7,0.7100
,book,0.7700,BUY,150,0.7700,0.78
,book,0.78,SELL,32147,0.7700,0.78
2026-01-08T01:32:28.834248Z,price_change,0.7900,SELL,-150,0.77,0.7800
2026-01-08T01:32:28.834248Z,price_change,0.7800,SELL,150,0.77,0.7800
2026-01-08T01:32:29.036048Z,price_change,0.74,BUY,2851,0.77,0.7800
2026-01-08T01:32:29.037118Z,price_change,0.76,BUY,24714,0.77,0.7800
2026-01-08T01:32:29.037157Z,price_change,0.75,BUY,24714,0.77,0.7800
2026-01-08T01:32:29.193314Z,price_change,0.7900,SELL,-1901,0.77,0.7800
2026-01-08T01:32:29.499723Z,price_change,0.9000,SELL,1901,0.77,0.7800
2026-01-08T01:32:29.903366Z,price_change,0.7800,SELL,1,0.77,0.7800
2026-01-08T01:32:29.930074Z,price_change,0.72,BUY,-111,0.77,0.7800
2026-01-08T01:32:30.122575Z,price_change,0.74,BUY,-150,0.77,0.7800
2026-01-08T01:32:30.122575Z,price_change,0.73,BUY,150,0.77,0.7800
2026-01-08T01:32:30.912312Z,price_change,0.67,BUY,-3318,0.77,0.7800
2026-01-08T01:32:30.982054Z,price_change,0.7,BUY,3573,0.77,0.7800
2026-01-08T01:32:30.992628Z,price_change,0.68,BUY,-1901,0.77,0.7800
2026-01-08T01:32:31.06751Z,price_change,0.71,BUY,1901,0.77,0.7800
2026-01-08T01:32:31.136092Z,price_change,0.8400,SELL,756,0.77,0.7800
2026-01-08T01:32:31.138295Z,price_change,0.65,BUY,756,0.77,0.7800
2026-01-08T01:32:31.547791Z,price_change,0.7800,SELL,-1188,0.77,0.7800
1767835951,last_trade_price,0.78,BUY,1188,0.77,0.7800
2026-01-08T01:32:31.681657Z,price_change,0.77,BUY,-150,0.76,0.7800
2026-01-08T01:32:31.693493Z,price_change,0.76,BUY,-738,0.76,0.7800
2026-01-08T01:32:31.695997Z,price_change,0.7900,SELL,-759,0.76,0.7800
2026-01-08T01:32:31.704347Z,price_change,0.75,BUY,741,0.76,0.7800
2026-01-08T01:32:31.706734Z,price_change,0.7800,SELL,759,0.76,0.7800
2026-01-08T01:32:31.714771Z,price_change,0.7800,SELL,150,0.76,0.7800
2026-01-08T01:32:31.718112Z,price_change,0.74,BUY,150,0.76,0.7800
2026-01-08T01:32:31.735586Z,price_change,0.8100,SELL,-150,0.76,0.7800
2026-01-08T01:32:31.75864Z,price_change,0.72,BUY,1232,0.76,0.7800
2026-01-08T01:32:31.772556Z,price_change,0.68,BUY,2000,0.76,0.7800
2026-01-08T01:32:31.773568Z,price_change,0.7900,SELL,2000,0.76,0.7800
2026-01-08T01:32:31.793353Z,price_change,0.8100,SELL,-2851,0.76,0.7800
2026-01-08T01:32:31.817721Z,price_change,0.9000,SELL,-1901,0.76,0.7800
2026-01-08T01:32:31.899538Z,price_change,0.8300,SELL,2851,0.76,0.7800
2026-01-08T01:32:31.902126Z,price_change,0.7900,SELL,1901,0.76,0.7800
2026-01-08T01:32:32.816897Z,price_change,0.7,BUY,690,0.76,0.7800
2026-01-08T01:32:32.81859Z,price_change,0.7700,SELL,690,0.76,0.7700
2026-01-08T01:32:32.874915Z,price_change,0.7800,SELL,-150,0.76,0.7700
2026-01-08T01:32:32.874915Z,price_change,0.7700,SELL,150,0.76,0.7700
2026-01-08T01:32:32.907749Z,price_change,0.7800,SELL,-7500,0.76,0.7700
2026-01-08T01:32:32.923175Z,price_change,0.7700,SELL,7500,0.76,0.7700
2026-01-08T01:32:33.543906Z,price_change,0.7900,SELL,-1,0.76,0.7700
2026-01-08T01:32:33.543906Z,price_change,0.7800,SELL,1,0.76,0.7700
2026-01-08T01:32:33.697775Z,price_change,0.7900,SELL,-560,0.76,0.7700
2026-01-08T01:32:33.781595Z,price_change,0.7800,SELL,24714,0.76,0.7700
2026-01-08T01:32:33.929101Z,price_change,0.7800,SELL,1901,0.76,0.7700
2026-01-08T01:32:34.00065Z,price_change,0.65,BUY,-756,0.76,0.7700
2026-01-08T01:32:34.00065Z,price_change,0.8400,SELL,-756,0.76,0.7700
2026-01-08T01:32:34.083433Z,price_change,0.8300,SELL,-2851,0.76,0.7700
2026-01-08T01:32:34.151965Z,price_change,0.74,BUY,-2851,0.76,0.7700
2026-01-08T01:32:34.15298Z,price_change,0.38,BUY,-47528,0.76,0.7700
2026-01-08T01:32:34.211193Z,price_change,0.8400,SELL,2851,0.76,0.7700
2026-01-08T01:32:34.247307Z,price_change,0.7700,SELL,1232,0.76,0.7700
2026-01-08T01:32:34.341108Z,price_change,0.73,BUY,2851,0.76,0.7700
2026-01-08T01:32:34.341859Z,price_change,0.37,BUY,47528,0.76,0.7700
2026-01-08T01:32:34.473607Z,price_change,0.76,BUY,-24714,0.76,0.7700
2026-01-08T01:32:34.494006Z,price_change,0.71,BUY,111,0.76,0.7700
2026-01-08T01:32:34.581462Z,price_change,0.7900,SELL,-1232,0.76,0.7700
2026-01-08T01:32:35.213748Z,price_change,0.72,BUY,-1232,0.76,0.7700
2026-01-08T01:32:35.359696Z,price_change,0.76,BUY,-1901,0.76,0.7700
2026-01-08T01:32:35.454271Z,price_change,0.75,BUY,2500,0.76,0.7700
2026-01-08T01:32:35.486345Z,price_change,0.71,BUY,-1901,0.76,0.7700
2026-01-08T01:32:35.523372Z,price_change,0.75,BUY,1901,0.76,0.7700
2026-01-08T01:32:36.008119Z,price_change,0.7,BUY,-3573,0.76,0.7700
2026-01-08T01:32:36.030363Z,price_change,0.7,BUY,852,0.76,0.7700
2026-01-08T01:32:36.031663Z,price_change,0.7800,SELL,4551,0.76,0.7700
2026-01-08T01:32:36.032756Z,price_change,0.69,BUY,288,0.76,0.7700
2026-01-08T01:32:36.033597Z,price_change,0.7900,SELL,1589,0.76,0.7700
2026-01-08T01:32:36.13323Z,price_change,0.71,BUY,-1113,0.76,0.7700
2026-01-08T01:32:37.312427Z,price_change,0.7800,SELL,-24714,0.76,0.7700
2026-01-08T01:32:37.312975Z,price_change,0.75,BUY,-1901,0.76,0.7700
2026-01-08T01:32:37.313037Z,price_change,0.7900,SELL,-1901,0.76,0.7700
2026-01-08T01:32:37.313891Z,price_change,0.37,BUY,-47528,0.76,0.7700
2026-01-08T01:32:37.314127Z,price_change,0.73,BUY,-2851,0.76,0.7700
2026-01-08T01:32:37.314167Z,price_change,0.76,BUY,-6823,0.75,0.7700
2026-01-08T01:32:37.314854Z,price_change,0.8400,SELL,-2851,0.75,0.7700
2026-01-08T01:32:37.315276Z,price_change,0.8000,SELL,-6823,0.75,0.7700
2026-01-08T01:32:37.317672Z,price_change,0.8000,SELL,-24714,0.75,0.7700
2026-01-08T01:32:37.331298Z,price_change,0.7800,SELL,-1901,0.75,0.7700
2026-01-08T01:32:37.34411Z,price_change,0.49,BUY,-287,0.75,0.7700
2026-01-08T01:32:37.345585Z,price_change,0.71,BUY,-111,0.75,0.7700
2026-01-08T01:32:37.346717Z,price_change,0.47,BUY,288,0.75,0.7700
2026-01-08T01:32:37.403167Z,price_change,0.7900,SELL,2851,0.75,0.7700
2026-01-08T01:32:37.405343Z,price_change,0.7900,SELL,24714,0.75,0.7700
2026-01-08T01:32:37.407478Z,price_change,0.7700,SELL,24714,0.75,0.7700
2026-01-08T01:32:37.40775Z,price_change,0.7700,SELL,1901,0.75,0.7700
2026-01-08T01:32:37.408713Z,price_change,0.7700,SELL,24714,0.75,0.7700
2026-01-08T01:32:37.40897Z,price_change,0.74,BUY,24714,0.75,0.7700
2026-01-08T01:32:37.409725Z,price_change,0.36,BUY,47528,0.75,0.7700
2026-01-08T01:32:37.413272Z,price_change,0.71,BUY,2851,0.75,0.7700
2026-01-08T01:32:37.415274Z,price_change,0.7800,SELL,1901,0.75,0.7700
2026-01-08T01:32:37.422577Z,price_change,0.69,BUY,1901,0.75,0.7700
2026-01-08T01:32:37.776144Z,price_change,0.56,BUY,1,0.75,0.7700
2026-01-08T01:32:37.816897Z,price_change,0.75,BUY,24714,0.75,0.7700
2026-01-08T01:32:38.007113Z,price_change,0.7800,SELL,-1,0.75,0.7700
2026-01-08T01:32:38.007113Z,price_change,0.7700,SELL,1,0.75,0.7700
2026-01-08T01:32:38.069301Z,price_change,0.7900,SELL,-2851,0.75,0.7700
2026-01-08T01:32:38.071951Z,price_change,0.71,BUY,-2851,0.75,0.7700
2026-01-08T01:32:38.071951Z,price_change,0.46,BUY,-7604,0.75,0.7700
2026-01-08T01:32:38.077485Z,price_change,0.36,BUY,-47528,0.75,0.7700
2026-01-08T01:32:38.125162Z,price_change,0.37,BUY,47528,0.75,0.7700
2026-01-08T01:32:38.127594Z,price_change,0.8400,SELL,2851,0.75,0.7700
2026-01-08T01:32:38.128131Z,price_change,0.73,BUY,2851,0.75,0.7700
2026-01-08T01:32:38.132195Z,price_change,0.47,BUY,7604,0.75,0.7700
2026-01-08T01:32:38.198656Z,price_change,0.75,BUY,-741,0.75,0.7700
2026-01-08T01:32:38.199987Z,price_change,0.7800,SELL,-759,0.75,0.7700
2026-01-08T01:32:38.214774Z,price_change,0.74,BUY,741,0.75,0.7700
2026-01-08T01:32:38.216462Z,price_change,0.7700,SELL,759,0.75,0.7700
2026-01-08T01:32:39.008544Z,price_change,0.8200,SELL,-25,0.75,0.7700
2026-01-08T01:32:39.093652Z,price_change,0.75,BUY,1901,0.75,0.7700
2026-01-08T01:32:39.095819Z,price_change,0.7700,SELL,-24714,0.75,0.7700
2026-01-08T01:32:39.791865Z,price_change,0.72,BUY,1232,0.75,0.7700
2026-01-08T01:32:41.200494Z,price_change,0.7800,SELL,-1,0.75,0.7700
2026-01-08T01:32:41.200494Z,price_change,0.7700,SELL,1,0.75,0.7700
2026-01-08T01:32:41.335473Z,price_change,0.7700,SELL,-1901,0.75,0.7700
2026-01-08T01:32:41.414498Z,price_change,0.7800,SELL,1901,0.75,0.7700
2026-01-08T01:32:45.518714Z,price_change,0.47,BUY,-7604,0.75,0.7700
2026-01-08T01:32:45.520221Z,price_change,0.73,BUY,-2851,0.75,0.7700
2026-01-08T01:32:45.524486Z,price_change,0.75,BUY,-1901,0.75,0.7700
2026-01-08T01:32:45.524542Z,price_change,0.75,BUY,-24714,0.75,0.7700
2026-01-08T01:32:45.525555Z,price_change,0.37,BUY,-47528,0.75,0.7700
2026-01-08T01:32:45.525801Z,price_change,0.75,BUY,-24714,0.75,0.7700
2026-01-08T01:32:45.526073Z,price_change,0.69,BUY,-1901,0.75,0.7700
2026-01-08T01:32:45.526199Z,price_change,0.74,BUY,-24714,0.75,0.7700
2026-01-08T01:32:45.53211Z,price_change,0.8400,SELL,-2851,0.75,0.7700
2026-01-08T01:32:45.535117Z,price_change,0.7800,SELL,-23459,0.75,0.7700
2026-01-08T01:32:45.536794Z,price_change,0.7800,SELL,-1901,0.75,0.7700
2026-01-08T01:32:45.537183Z,price_change,0.7900,SELL,-24714,0.75,0.7700
2026-01-08T01:32:45.543366Z,price_change,0.7,BUY,111,0.75,0.7700
2026-01-08T01:32:45.585036Z,price_change,0.7900,SELL,-6577,0.75,0.7700
2026-01-08T01:32:45.62527Z,price_change,0.7800,SELL,-1901,0.75,0.7700
2026-01-08T01:32:45.666674Z,price_change,0.75,BUY,-2500,0.75,0.7700
2026-01-08T01:32:45.68821Z,price_change,0.8100,SELL,7,0.75,0.7700
2026-01-08T01:32:45.691192Z,price_change,0.7,BUY,-111,0.75,0.7700
2026-01-08T01:32:45.691192Z,price_change,0.69,BUY,111,0.75,0.7700
2026-01-08T01:32:45.707817Z,price_change,0.74,BUY,2500,0.75,0.7700
2026-01-08T01:32:45.789497Z,price_change,0.7700,SELL,-24714,0.75,0.7700
2026-01-08T01:32:46.101009Z,price_change,0.49,BUY,763,0.75,0.7700
2026-01-08T01:32:46.103038Z,price_change,0.23,BUY,58,0.75,0.7700
2026-01-08T01:32:46.104019Z,price_change,0.48,BUY,763,0.75,0.7700
2026-01-08T01:32:46.157839Z,price_change,0.7700,SELL,-1232,0.75,0.7700
2026-01-08T01:32:46.423316Z,price_change,0.7700,SELL,-14,0.75,0.7700
1767835966,last_trade_price,0.77,BUY,14,0.75,0.7700
2026-01-08T01:32:46.493522Z,price_change,0.7700,SELL,1232,0.75,0.7700
2026-01-08T01:32:46.670302Z,price_change,0.7700,SELL,-6,0.75,0.7700
1767835966,last_trade_price,0.77,BUY,6,0.75,0.7700
2026-01-08T01:32:47.043435Z,price_change,0.7700,SELL,-1,0.75,0.7700
2026-01-08T01:32:47.043435Z,price_change,0.7600,SELL,1,0.75,0.7600
2026-01-08T01:32:47.064601Z,price_change,0.74,BUY,-741,0.75,0.7600
2026-01-08T01:32:47.067462Z,price_change,0.7700,SELL,-759,0.75,0.7600
2026-01-08T01:32:47.075528Z,price_change,0.8100,SELL,-7,0.75,0.7600
2026-01-08T01:32:47.075528Z,price_change,0.8000,SELL,69,0.75,0.7600
2026-01-08T01:32:47.078101Z,price_change,0.73,BUY,741,0.75,0.7600
2026-01-08T01:32:47.080883Z,price_change,0.7600,SELL,759,0.75,0.7600
2026-01-08T01:32:47.941634Z,price_change,0.7700,SELL,-7500,0.75,0.7600
2026-01-08T01:32:47.961016Z,price_change,0.7600,SELL,7500,0.75,0.7600
2026-01-08T01:32:47.96316Z,price_change,0.8700,SELL,103,0.75,0.7600
2026-01-08T01:32:48.115302Z,price_change,0.74,BUY,-2500,0.75,0.7600
2026-01-08T01:32:48.144337Z,price_change,0.7600,SELL,10,0.75,0.7600
2026-01-08T01:32:48.172471Z,price_change,0.69,BUY,-111,0.75,0.7600
2026-01-08T01:32:48.172471Z,price_change,0.68,BUY,111,0.75,0.7600
2026-01-08T01:32:48.98316Z,price_change,0.8000,SELL,756,0.75,0.7600
2026-01-08T01:32:48.986284Z,price_change,0.63,BUY,756,0.75,0.7600
2026-01-08T01:32:49.237076Z,price_change,0.75,BUY,5,0.75,0.7600
2026-01-08T01:32:49.251658Z,price_change,0.73,BUY,-150,0.75,0.7600
2026-01-08T01:32:49.251658Z,price_change,0.72,BUY,150,0.75,0.7600
2026-01-08T01:32:49.262468Z,price_change,0.68,BUY,-111,0.75,0.7600
2026-01-08T01:32:49.262468Z,price_change,0.69,BUY,4,0.75,0.7600
2026-01-08T01:32:49.29036Z,price_change,0.8100,SELL,-44,0.75,0.7600
2026-01-08T01:32:49.29036Z,price_change,0.7700,SELL,44,0.75,0.7600
2026-01-08T01:32:49.421318Z,price_change,0.48,BUY,-763,0.75,0.7600
2026-01-08T01:32:49.422801Z,price_change,0.23,BUY,-58,0.75,0.7600
2026-01-08T01:32:49.422847Z,price_change,0.49,BUY,-763,0.75,0.7600
2026-01-08T01:32:49.461159Z,price_change,0.46,BUY,763,0.75,0.7600
2026-01-08T01:32:49.464031Z,price_change,0.47,BUY,763,0.75,0.7600
2026-01-08T01:32:49.54939Z,price_change,0.2,BUY,58,0.75,0.7600
2026-01-08T01:32:50.14553Z,price_change,0.7600,SELL,13,0.75,0.7600
2026-01-08T01:32:50.168687Z,price_change,0.69,BUY,7,0.75,0.7600
2026-01-08T01:32:50.178885Z,price_change,0.7600,SELL,-10,0.75,0.7600
2026-01-08T01:32:50.37106Z,price_change,0.7700,SELL,-1232,0.75,0.7600
2026-01-08T01:32:50.407912Z,price_change,0.72,BUY,-150,0.75,0.7600
2026-01-08T01:32:50.407912Z,price_change,0.73,BUY,150,0.75,0.7600
2026-01-08T01:32:50.429726Z,price_change,0.2,BUY,-58,0.75,0.7600
2026-01-08T01:32:50.555554Z,price_change,0.7600,SELL,-1,0.75,0.7600
2026-01-08T01:32:50.555554Z,price_change,0.7600,SELL,-147,0.75,0.7600
1767835970,last_trade_price,0.76,BUY,1,0.75,0.7600
1767835970,last_trade_price,0.76,BUY,147,0.75,0.7600
2026-01-08T01:32:50.565757Z,price_change,0.73,BUY,-741,0.75,0.7600
2026-01-08T01:32:50.568526Z,price_change,0.7600,SELL,-612,0.75,0.7600
2026-01-08T01:32:50.575849Z,price_change,0.74,BUY,814,0.75,0.7600
2026-01-08T01:32:50.578723Z,price_change,0.7700,SELL,685,0.75,0.7600
2026-01-08T01:32:50.585933Z,price_change,0.69,BUY,-1,0.75,0.7600
2026-01-08T01:32:50.74856Z,price_change,0.7600,SELL,-7500,0.75,0.7600
2026-01-08T01:32:50.751375Z,price_change,0.21,BUY,58,0.75,0.7600
2026-01-08T01:32:50.771179Z,price_change,0.69,BUY,101,0.75,0.7600
2026-01-08T01:32:51.001912Z,price_change,0.8000,SELL,-756,0.75,0.7600
2026-01-08T01:32:51.001912Z,price_change,0.63,BUY,-756,0.75,0.7600
2026-01-08T01:32:51.095461Z,price_change,0.7700,SELL,19,0.75,0.7600
2026-01-08T01:32:51.23734Z,price_change,0.74,BUY,2500,0.75,0.7600
2026-01-08T01:32:51.252066Z,price_change,0.7700,SELL,7500,0.75,0.7600
2026-01-08T01:32:51.631609Z,price_change,0.46,BUY,-763,0.75,0.7600
2026-01-08T01:32:51.939015Z,price_change,0.7600,SELL,9,0.75,0.7600
2026-01-08T01:32:51.965558Z,price_change,0.69,BUY,-111,0.75,0.7600
2026-01-08T01:32:51.965558Z,price_change,0.7,BUY,1,0.75,0.7600
2026-01-08T01:32:51.966705Z,price_change,0.8000,SELL,-69,0.75,0.7600
2026-01-08T01:32:51.966705Z,price_change,0.8100,SELL,7,0.75,0.7600
2026-01-08T01:32:52.536914Z,price_change,0.74,BUY,-814,0.75,0.7600
2026-01-08T01:32:52.537988Z,price_change,0.7700,SELL,-685,0.75,0.7600
2026-01-08T01:32:52.553156Z,price_change,0.73,BUY,600,0.75,0.7600
2026-01-08T01:32:52.554219Z,price_change,0.7600,SELL,899,0.75,0.7600
2026-01-08T01:32:52.580567Z,price_change,0.7,BUY,-1,0.75,0.7600
2026-01-08T01:32:52.580567Z,price_change,0.69,BUY,111,0.75,0.7600
2026-01-08T01:32:52.580643Z,price_change,0.8100,SELL,104,0.75,0.7600
2026-01-08T01:32:52.765767Z,price_change,0.7600,SELL,10,0.75,0.7600
2026-01-08T01:32:52.796682Z,price_change,0.74,BUY,-2500,0.75,0.7600
2026-01-08T01:32:52.815139Z,price_change,0.7700,SELL,-7500,0.75,0.7600
2026-01-08T01:32:52.819791Z,price_change,0.7600,SELL,-9,0.75,0.7600
2026-01-08T01:32:52.834758Z,price_change,0.73,BUY,2500,0.75,0.7600
2026-01-08T01:32:52.84461Z,price_change,0.69,BUY,-111,0.75,0.7600
2026-01-08T01:32:52.882737Z,price_change,0.7600,SELL,7500,0.75,0.7600
2026-01-08T01:32:52.905796Z,price_change,0.7600,SELL,-13,0.75,0.7600
2026-01-08T01:32:52.905796Z,price_change,0.7700,SELL,23,0.75,0.7600
2026-01-08T01:32:53.316168Z,price_change,0.7600,SELL,-10,0.75,0.7600
2026-01-08T01:32:54.031877Z,price_change,0.7700,SELL,-150,0.75,0.7600
2026-01-08T01:32:54.031877Z,price_change,0.7600,SELL,150,0.75,0.7600
2026-01-08T01:32:54.052232Z,price_change,0.68,BUY,111,0.75,0.7600
2026-01-08T01:32:54.502672Z,price_change,0.7700,SELL,1232,0.75,0.7600
,book,0.7400,BUY,60,0.7400,0.75
,book,0.75,SELL,15964,0.7400,0.75
2026-01-08T01:33:13.152362Z,price_change,0.74,BUY,-10,0.74,0.7500
2026-01-08T01:33:13.152362Z,price_change,0.74,BUY,-50,0.73,0.7500
2026-01-08T01:33:13.152362Z,price_change,0.7400,SELL,468,0.73,0.7400
1767835993,last_trade_price,0.26,SELL,10,0.73,0.7400
1767835993,last_trade_price,0.26,SELL,50,0.73,0.7400
2026-01-08T01:33:13.152362Z,price_change,0.7400,SELL,-468,0.73,0.7500
2026-01-08T01:33:13.159809Z,price_change,0.72,BUY,-488,0.73,0.7500
2026-01-08T01:33:13.162568Z,price_change,0.7500,SELL,-1012,0.73,0.7500
2026-01-08T01:33:13.173383Z,price_change,0.73,BUY,-235,0.72,0.7500
2026-01-08T01:33:13.174326Z,price_change,0.71,BUY,488,0.72,0.7500
2026-01-08T01:33:13.176099Z,price_change,0.38,BUY,284,0.72,0.7500
2026-01-08T01:33:13.177482Z,price_change,0.7400,SELL,1012,0.72,0.7400
2026-01-08T01:33:13.194638Z,price_change,0.7400,SELL,6876,0.72,0.7400
2026-01-08T01:33:13.195027Z,price_change,0.7400,SELL,6876,0.72,0.7400
2026-01-08T01:33:13.202952Z,price_change,0.7400,SELL,6876,0.72,0.7400
2026-01-08T01:33:13.349324Z,price_change,0.7600,SELL,-20,0.72,0.7400
2026-01-08T01:33:13.349324Z,price_change,0.7500,SELL,20,0.72,0.7400
2026-01-08T01:33:13.504706Z,price_change,0.37,BUY,-2115,0.72,0.7400
2026-01-08T01:33:13.558495Z,price_change,0.72,BUY,3858,0.72,0.7400
2026-01-08T01:33:13.674506Z,price_change,0.7400,SELL,-10,0.72,0.7400
1767835993,last_trade_price,0.74,BUY,10,0.72,0.7400
2026-01-08T01:33:13.706005Z,price_change,0.7500,SELL,-22,0.72,0.7400
2026-01-08T01:33:13.706005Z,price_change,0.7400,SELL,22,0.72,0.7400
2026-01-08T01:33:13.730432Z,price_change,0.69,BUY,69000,0.72,0.7400
2026-01-08T01:33:13.800881Z,price_change,0.68,BUY,-2000,0.72,0.7400
2026-01-08T01:33:13.802191Z,price_change,0.7900,SELL,-2000,0.72,0.7400
2026-01-08T01:33:13.803598Z,price_change,0.7,BUY,-690,0.72,0.7400
2026-01-08T01:33:13.805043Z,price_change,0.7700,SELL,-670,0.72,0.7400
2026-01-08T01:33:13.979661Z,price_change,0.7600,SELL,-6876,0.72,0.7400
2026-01-08T01:33:13.982526Z,price_change,0.7400,SELL,-6876,0.72,0.7400
2026-01-08T01:33:13.983427Z,price_change,0.7500,SELL,-6876,0.72,0.7400
2026-01-08T01:33:14.005308Z,price_change,0.67,BUY,-111,0.72,0.7400
2026-01-08T01:33:14.057813Z,price_change,0.72,BUY,2500,0.72,0.7400
2026-01-08T01:33:14.060002Z,price_change,0.69,BUY,-528,0.72,0.7400
2026-01-08T01:33:14.080337Z,price_change,0.38,BUY,2115,0.72,0.7400
2026-01-08T01:33:14.235507Z,price_change,0.7600,SELL,640,0.72,0.7400
2026-01-08T01:33:14.472023Z,price_change,0.68,BUY,-793,0.72,0.7400
2026-01-08T01:33:14.544224Z,price_change,0.7700,SELL,-1201,0.72,0.7400
2026-01-08T01:33:14.555638Z,price_change,0.7500,SELL,-20,0.72,0.7400
2026-01-08T01:33:14.555638Z,price_change,0.7400,SELL,20,0.72,0.7400
2026-01-08T01:33:14.586243Z,price_change,0.7900,SELL,-111,0.72,0.7400
2026-01-08T01:33:14.586243Z,price_change,0.7800,SELL,111,0.72,0.7400
2026-01-08T01:33:14.595041Z,price_change,0.7300,SELL,6876,0.72,0.7300
2026-01-08T01:33:14.595771Z,price_change,0.7300,SELL,6876,0.72,0.7300
2026-01-08T01:33:14.596428Z,price_change,0.7300,SELL,6876,0.72,0.7300
2026-01-08T01:33:14.612237Z,price_change,0.71,BUY,-488,0.72,0.7300
2026-01-08T01:33:14.614221Z,price_change,0.7,BUY,528,0.72,0.7300
2026-01-08T01:33:14.615008Z,price_change,0.7400,SELL,-1002,0.72,0.7300
2026-01-08T01:33:14.623806Z,price_change,0.7,BUY,493,0.72,0.7300
2026-01-08T01:33:14.634541Z,price_change,0.7300,SELL,1007,0.72,0.7300
2026-01-08T01:33:14.707393Z,price_change,0.64,BUY,793,0.72,0.7300
2026-01-08T01:33:14.742003Z,price_change,0.7400,SELL,-22,0.72,0.7300
2026-01-08T01:33:14.742003Z,price_change,0.7300,SELL,22,0.72,0.7300
2026-01-08T01:33:14.747957Z,price_change,0.7800,SELL,-44,0.72,0.7300
2026-01-08T01:33:14.785754Z,price_change,0.7500,SELL,-528,0.72,0.7300
2026-01-08T01:33:14.803687Z,price_change,0.72,BUY,-640,0.72,0.7300
2026-01-08T01:33:14.92679Z,price_change,0.7400,SELL,528,0.72,0.7300
2026-01-08T01:33:14.941465Z,price_change,0.7500,SELL,-300,0.72,0.7300
2026-01-08T01:33:14.94248Z,price_change,0.7,BUY,-125,0.72,0.7300
2026-01-08T01:33:15.141915Z,price_change,0.7500,SELL,-200,0.72,0.7300
2026-01-08T01:33:15.146842Z,price_change,0.71,BUY,-200,0.72,0.7300
2026-01-08T01:33:15.152657Z,price_change,0.72,BUY,-6,0.72,0.7300
1767835995,last_trade_price,0.28,SELL,6,0.72,0.7300
2026-01-08T01:33:15.221935Z,price_change,0.72,BUY,-3858,0.72,0.7300
2026-01-08T01:33:15.292602Z,price_change,0.7,BUY,3664,0.72,0.7300
2026-01-08T01:33:16.000906Z,price_change,0.69,BUY,-69000,0.72,0.7300
2026-01-08T01:33:16.129044Z,price_change,0.27,BUY,-13224,0.72,0.7300
2026-01-08T01:33:16.320267Z,price_change,0.38,BUY,-2115,0.72,0.7300
2026-01-08T01:33:16.363528Z,price_change,0.39,BUY,2235,0.72,0.7300
2026-01-08T01:33:16.368304Z,price_change,0.27,BUY,13972,0.72,0.7300
2026-01-08T01:33:16.409054Z,price_change,0.7600,SELL,-640,0.72,0.7300
,book,0.1000,BUY,4453,0.1000,0.12
,book,0.12,SELL,33505,0.1000,0.12
2026-01-08T02:13:20.411583Z,price_change,0.1200,SELL,-14,0.1,0.1200
1767838400,last_trade_price,0.12,BUY,14,0.1,0.1200
2026-01-08T02:13:20.469411Z,price_change,0.1200,SELL,-108,0.1,0.1200
2026-01-08T02:13:20.469411Z,price_change,0.1200,SELL,-1277,0.1,0.1200
2026-01-08T02:13:20.469411Z,price_change,0.1200,SELL,-577,0.1,0.1200
1767838400,last_trade_price,0.12,BUY,108,0.1,0.1200
1767838400,last_trade_price,0.12,BUY,1277,0.1,0.1200
1767838400,last_trade_price,0.12,BUY,577,0.1,0.1200
2026-01-08T02:13:20.48114Z,price_change,0.1300,SELL,-98,0.1,0.1200
2026-01-08T02:13:20.481269Z,price_change,0.1,BUY,-98,0.1,0.1200
2026-01-08T02:13:20.51421Z,price_change,0.1200,SELL,98,0.1,0.1200
2026-01-08T02:13:20.515242Z,price_change,0.1200,SELL,1277,0.1,0.1200
2026-01-08T02:13:20.515905Z,price_change,0.1,BUY,98,0.1,0.1200
2026-01-08T02:13:20.525151Z,price_change,0.1200,SELL,-150,0.1,0.1200
1767838400,last_trade_price,0.12,BUY,150,0.1,0.1200
2026-01-08T02:13:20.539752Z,price_change,0.1200,SELL,1277,0.1,0.1200
2026-01-08T02:13:20.683519Z,price_change,0.1200,SELL,-78,0.1,0.1200
1767838400,last_trade_price,0.12,BUY,78,0.1,0.1200
2026-01-08T02:13:20.719427Z,price_change,0.1200,SELL,-15,0.1,0.1200
1767838400,last_trade_price,0.12,BUY,15,0.1,0.1200
2026-01-08T02:13:20.737345Z,price_change,0.4400,SELL,-90,0.1,0.1200
2026-01-08T02:13:20.738877Z,price_change,0.4300,SELL,-202,0.1,0.1200
2026-01-08T02:13:20.739969Z,price_change,0.7300,SELL,207,0.1,0.1200
2026-01-08T02:13:20.741095Z,price_change,0.7200,SELL,101,0.1,0.1200
2026-01-08T02:13:20.781097Z,price_change,0.05,BUY,2000,0.1,0.1200
2026-01-08T02:13:20.781835Z,price_change,0.1700,SELL,2000,0.1,0.1200
2026-01-08T02:13:20.827316Z,price_change,0.1900,SELL,-147,0.1,0.1200
2026-01-08T02:13:20.87406Z,price_change,0.1600,SELL,147,0.1,0.1200
2026-01-08T02:13:20.893379Z,price_change,0.1200,SELL,-25,0.1,0.1200
1767838400,last_trade_price,0.12,BUY,25,0.1,0.1200
2026-01-08T02:13:21.145392Z,price_change,0.1,BUY,-238,0.1,0.1200
1767838401,last_trade_price,0.9,SELL,238,0.1,0.1200
2026-01-08T02:13:21.30109Z,price_change,0.01,BUY,15000,0.1,0.1200
2026-01-08T02:13:21.322173Z,price_change,0.3900,SELL,-180,0.1,0.1200
2026-01-08T02:13:21.346763Z,price_change,0.09,BUY,-671,0.1,0.1200
2026-01-08T02:13:21.347941Z,price_change,0.1200,SELL,-829,0.1,0.1200
2026-01-08T02:13:21.36171Z,price_change,0.11,BUY,1085,0.11,0.1200
2026-01-08T02:13:21.363126Z,price_change,0.1400,SELL,414,0.11,0.1200
2026-01-08T02:13:21.384782Z,price_change,0.1200,SELL,-432,0.11,0.1200
2026-01-08T02:13:21.384782Z,price_change,0.1200,SELL,-352,0.11,0.1200
1767838401,last_trade_price,0.12,BUY,432,0.11,0.1200
1767838401,last_trade_price,0.12,BUY,352,0.11,0.1200
2026-01-08T02:13:21.420123Z,price_change,0.1200,SELL,1277,0.11,0.1200
2026-01-08T02:13:21.423404Z,price_change,0.05,BUY,-94,0.11,0.1200
2026-01-08T02:13:21.423404Z,price_change,0.06,BUY,94,0.11,0.1200
2026-01-08T02:13:21.47118Z,price_change,0.1,BUY,-2500,0.11,0.1200
2026-01-08T02:13:21.493707Z,price_change,0.1200,SELL,-78,0.11,0.1200
1767838401,last_trade_price,0.12,BUY,78,0.11,0.1200
2026-01-08T02:13:21.504176Z,price_change,0.11,BUY,2500,0.11,0.1200
2026-01-08T02:13:21.596078Z,price_change,0.01,BUY,-15000,0.11,0.1200
2026-01-08T02:13:21.643713Z,price_change,0.11,BUY,-1085,0.11,0.1200
2026-01-08T02:13:21.645124Z,price_change,0.1400,SELL,-414,0.11,0.1200
2026-01-08T02:13:21.656418Z,price_change,0.1,BUY,759,0.11,0.1200
2026-01-08T02:13:21.657844Z,price_change,0.1300,SELL,741,0.11,0.1200
2026-01-08T02:13:21.941066Z,price_change,0.11,BUY,-65,0.11,0.1200
1767838401,last_trade_price,0.89,SELL,65,0.11,0.1200
2026-01-08T02:13:21.985127Z,price_change,0.11,BUY,-2435,0.1,0.1200
2026-01-08T02:13:22.013252Z,price_change,0.06,BUY,-94,0.1,0.1200
2026-01-08T02:13:22.013252Z,price_change,0.05,BUY,94,0.1,0.1200
2026-01-08T02:13:22.085567Z,price_change,0.1,BUY,2500,0.1,0.1200
,book,0.0700,BUY,1500,0.0700,0.09
,book,0.09,SELL,57,0.0700,0.09
2026-01-08T02:14:12.881613Z,price_change,0.1200,SELL,3,0.07,0.0900
2026-01-08T02:14:12.967495Z,price_change,0.2200,SELL,500,0.07,0.0900
2026-01-08T02:14:13.009268Z,price_change,0.0900,SELL,-38,0.07,0.0900
2026-01-08T02:14:13.009268Z,price_change,0.0900,SELL,-13,0.07,0.0900
1767838453,last_trade_price,0.09,BUY,38,0.07,0.0900
1767838453,last_trade_price,0.09,BUY,13,0.07,0.0900
2026-01-08T02:14:13.048297Z,price_change,0.1000,SELL,-49,0.07,0.0900
2026-01-08T02:14:13.048297Z,price_change,0.0900,SELL,49,0.07,0.0900
2026-01-08T02:14:13.178334Z,price_change,0.07,BUY,-2,0.07,0.0900
1767838453,last_trade_price,0.93,SELL,2,0.07,0.0900
2026-01-08T02:14:13.40256Z,price_change,0.07,BUY,-1498,0.06,0.0900
2026-01-08T02:14:13.405527Z,price_change,0.1200,SELL,-3,0.06,0.0900
2026-01-08T02:14:13.409376Z,price_change,0.06,BUY,749,0.06,0.0900
2026-01-08T02:14:13.411945Z,price_change,0.06,BUY,-749,0.06,0.0900
2026-01-08T02:14:13.418596Z,price_change,0.0900,SELL,751,0.06,0.0900
2026-01-08T02:14:13.426591Z,price_change,0.05,BUY,749,0.06,0.0900
2026-01-08T02:14:13.428951Z,price_change,0.02,BUY,-94,0.06,0.0900
2026-01-08T02:14:13.430552Z,price_change,0.1500,SELL,-2,0.06,0.0900
2026-01-08T02:14:13.430552Z,price_change,0.1200,SELL,94,0.06,0.0900
2026-01-08T02:14:13.432207Z,price_change,0.2000,SELL,-39,0.06,0.0900
2026-01-08T02:14:13.458656Z,price_change,0.0900,SELL,10000,0.06,0.0900
2026-01-08T02:14:13.469643Z,price_change,0.1900,SELL,39,0.06,0.0900
2026-01-08T02:14:13.471185Z,price_change,0.0900,SELL,-751,0.06,0.0900
2026-01-08T02:14:13.48433Z,price_change,0.0800,SELL,751,0.06,0.0800
2026-01-08T02:14:13.499541Z,price_change,0.6600,SELL,-59,0.06,0.0800
2026-01-08T02:14:13.523164Z,price_change,0.0800,SELL,-99,0.06,0.0800
1767838453,last_trade_price,0.08,BUY,99,0.06,0.0800
2026-01-08T02:14:13.542445Z,price_change,0.6500,SELL,59,0.06,0.0800
2026-01-08T02:14:13.59464Z,price_change,0.04,BUY,-513,0.06,0.0800
2026-01-08T02:14:13.615985Z,price_change,0.0800,SELL,2,0.06,0.0800
2026-01-08T02:14:13.637783Z,price_change,0.02,BUY,513,0.06,0.0800
2026-01-08T02:14:13.706728Z,price_change,0.0900,SELL,-6,0.06,0.0800
2026-01-08T02:14:13.706728Z,price_change,0.0800,SELL,50,0.06,0.0800
2026-01-08T02:14:13.708883Z,price_change,0.06,BUY,500,0.06,0.0800
2026-01-08T02:14:13.779836Z,price_change,0.0900,SELL,-49,0.06,0.0800
2026-01-08T02:14:13.779836Z,price_change,0.0800,SELL,49,0.06,0.0800
2026-01-08T02:14:13.907932Z,price_change,0.0900,SELL,1000,0.06,0.0800
2026-01-08T02:14:13.916547Z,price_change,0.0900,SELL,1000,0.06,0.0800
2026-01-08T02:14:13.988782Z,price_change,0.1800,SELL,-513,0.06,0.0800
2026-01-08T02:14:13.99048Z,price_change,0.6500,SELL,-59,0.06,0.0800
2026-01-08T02:14:13.990628Z,price_change,0.1900,SELL,-513,0.06,0.0800
2026-01-08T02:14:13.990963Z,price_change,0.1900,SELL,-513,0.06,0.0800
2026-01-08T02:14:13.991039Z,price_change,0.6400,SELL,2282,0.06,0.0800
2026-01-08T02:14:13.991093Z,price_change,0.1900,SELL,-39,0.06,0.0800
2026-01-08T02:14:13.993314Z,price_change,0.03,BUY,-513,0.06,0.0800
2026-01-08T02:14:13.993381Z,price_change,0.07,BUY,91,0.07,0.0800
2026-01-08T02:14:13.994015Z,price_change,0.02,BUY,-513,0.07,0.0800
2026-01-08T02:14:13.994078Z,price_change,0.05,BUY,136,0.07,0.0800
2026-01-08T02:14:13.995066Z,price_change,0.4900,SELL,365,0.07,0.0800
2026-01-08T02:14:13.995317Z,price_change,0.1800,SELL,-513,0.07,0.0800
2026-01-08T02:14:13.995491Z,price_change,0.07,BUY,91,0.07,0.0800
2026-01-08T02:14:14.008968Z,price_change,0.05,BUY,-749,0.07,0.0800
2026-01-08T02:14:14.011229Z,price_change,0.1800,SELL,-513,0.07,0.0800
2026-01-08T02:14:14.011787Z,price_change,0.0800,SELL,-652,0.07,0.0800
2026-01-08T02:14:14.020687Z,price_change,0.2000,SELL,-513,0.07,0.0800
2026-01-08T02:14:14.023934Z,price_change,0.06,BUY,798,0.07,0.0800
2026-01-08T02:14:14.026747Z,price_change,0.0900,SELL,701,0.07,0.0800
2026-01-08T02:14:14.030956Z,price_change,0.6400,SELL,-2282,0.07,0.0800
2026-01-08T02:14:14.036731Z,price_change,0.0900,SELL,-1000,0.07,0.0800
2026-01-08T02:14:14.039777Z,price_change,0.05,BUY,-136,0.07,0.0800
2026-01-08T02:14:14.040462Z,price_change,0.0900,SELL,-1000,0.07,0.0800
2026-01-08T02:14:14.069605Z,price_change,0.1000,SELL,-10000,0.07,0.0800
2026-01-08T02:14:14.069823Z,price_change,0.6200,SELL,2282,0.07,0.0800
2026-01-08T02:14:14.070638Z,price_change,0.1100,SELL,1187,0.07,0.0800
2026-01-08T02:14:14.070684Z,price_change,0.1000,SELL,91,0.07,0.0800
2026-01-08T02:14:14.070923Z,price_change,0.1200,SELL,1187,0.07,0.0800
2026-01-08T02:14:14.07121Z,price_change,0.1000,SELL,1187,0.07,0.0800
2026-01-08T02:14:14.071297Z,price_change,0.1000,SELL,1187,0.07,0.0800
2026-01-08T02:14:14.072439Z,price_change,0.06,BUY,1187,0.07,0.0800
2026-01-08T02:14:14.073614Z,price_change,0.07,BUY,1187,0.07,0.0800
2026-01-08T02:14:14.074273Z,price_change,0.1000,SELL,1187,0.07,0.0800
2026-01-08T02:14:14.075908Z,price_change,0.1300,SELL,136,0.07,0.0800
2026-01-08T02:14:14.079593Z,price_change,0.04,BUY,136,0.07,0.0800
2026-01-08T02:14:14.088982Z,price_change,0.06,BUY,-798,0.07,0.0800
2026-01-08T02:14:14.090232Z,price_change,0.0900,SELL,-701,0.07,0.0800
2026-01-08T02:14:14.092344Z,price_change,0.1100,SELL,1187,0.07,0.0800
2026-01-08T02:14:14.103326Z,price_change,0.07,BUY,798,0.07,0.0800
2026-01-08T02:14:14.106098Z,price_change,0.1000,SELL,701,0.07,0.0800
2026-01-08T02:14:14.144033Z,price_change,0.06,BUY,-1187,0.07,0.0800
2026-01-08T02:14:14.19631Z,price_change,0.0800,SELL,-2,0.07,0.0800
2026-01-08T02:14:14.19631Z,price_change,0.0800,SELL,-50,0.07,0.0800
2026-01-08T02:14:14.19631Z,price_change,0.0800,SELL,-49,0.07,0.0900
2026-01-08T02:14:14.19631Z,price_change,0.08,BUY,1086,0.08,0.0900
1767838454,last_trade_price,0.08,BUY,2,0.08,0.0900
1767838454,last_trade_price,0.08,BUY,50,0.08,0.0900
1767838454,last_trade_price,0.08,BUY,49,0.08,0.0900
2026-01-08T02:14:14.248588Z,price_change,0.07,BUY,-91,0.08,0.0900
2026-01-08T02:14:14.330107Z,price_change,0.08,BUY,91,0.08,0.0900
2026-01-08T02:14:14.417857Z,price_change,0.1000,SELL,-91,0.08,0.0900
2026-01-08T02:14:14.418984Z,price_change,0.0900,SELL,-25,0.08,0.0900
1767838454,last_trade_price,0.09,BUY,25,0.08,0.0900
2026-01-08T02:14:14.425071Z,price_change,0.02,BUY,94,0.08,0.0900
2026-01-08T02:14:14.430775Z,price_change,0.07,BUY,-798,0.08,0.0900
2026-01-08T02:14:14.432137Z,price_change,0.1000,SELL,-701,0.08,0.0900
2026-01-08T02:14:14.438973Z,price_change,0.08,BUY,1149,0.08,0.0900
2026-01-08T02:14:14.441913Z,price_change,0.1200,SELL,351,0.08,0.0900
2026-01-08T02:14:14.473231Z,price_change,0.08,BUY,-91,0.08,0.0900
2026-01-08T02:14:14.48785Z,price_change,0.0900,SELL,-500,0.08,0.0900
1767838454,last_trade_price,0.09,BUY,500,0.08,0.0900
2026-01-08T02:14:14.493495Z,price_change,0.08,BUY,-1086,0.08,0.0900
2026-01-08T02:14:14.501407Z,price_change,0.1200,SELL,-351,0.08,0.0900
2026-01-08T02:14:14.516153Z,price_change,0.1100,SELL,351,0.08,0.0900
2026-01-08T02:14:14.517395Z,price_change,0.1100,SELL,-351,0.08,0.0900
2026-01-08T02:14:14.517854Z,price_change,0.1200,SELL,-94,0.08,0.0900
2026-01-08T02:14:14.517854Z,price_change,0.1300,SELL,94,0.08,0.0900
2026-01-08T02:14:14.528231Z,price_change,0.0900,SELL,19,0.08,0.0900
2026-01-08T02:14:14.530647Z,price_change,0.1200,SELL,351,0.08,0.0900
2026-01-08T02:14:14.531741Z,price_change,0.1200,SELL,-351,0.08,0.0900
2026-01-08T02:14:14.548757Z,price_change,0.1200,SELL,351,0.08,0.0900
2026-01-08T02:14:14.551886Z,price_change,0.1200,SELL,-351,0.08,0.0900
2026-01-08T02:14:14.561431Z,price_change,0.1100,SELL,351,0.08,0.0900
2026-01-08T02:14:14.564021Z,price_change,0.08,BUY,1187,0.08,0.0900
2026-01-08T02:14:14.566245Z,price_change,0.08,BUY,91,0.08,0.0900
2026-01-08T02:14:14.66393Z,price_change,0.8800,SELL,100,0.08,0.0900
2026-01-08T02:14:14.70158Z,price_change,0.08,BUY,-69,0.08,0.0900
1767838454,last_trade_price,0.92,SELL,69,0.08,0.0900
2026-01-08T02:14:14.820151Z,price_change,0.08,BUY,-91,0.08,0.0900
2026-01-08T02:14:14.837074Z,price_change,0.08,BUY,-1080,0.08,0.0900
2026-01-08T02:14:14.838406Z,price_change,0.1100,SELL,-351,0.08,0.0900
2026-01-08T02:14:14.852676Z,price_change,0.07,BUY,540,0.08,0.0900
2026-01-08T02:14:14.854085Z,price_change,0.1000,SELL,960,0.08,0.0900
2026-01-08T02:14:14.871287Z,price_change,0.07,BUY,-540,0.08,0.0900
2026-01-08T02:14:14.872418Z,price_change,0.1000,SELL,-960,0.08,0.0900
2026-01-08T02:14:14.877652Z,price_change,0.08,BUY,-1187,0.07,0.0900
2026-01-08T02:14:14.886194Z,price_change,0.06,BUY,540,0.07,0.0900
2026-01-08T02:14:14.887584Z,price_change,0.0900,SELL,960,0.07,0.0900
2026-01-08T02:14:14.894018Z,price_change,0.02,BUY,-94,0.07,0.0900
2026-01-08T02:14:14.894018Z,price_change,0.03,BUY,94,0.07,0.0900
2026-01-08T02:14:14.916746Z,price_change,0.1300,SELL,-94,0.07,0.0900
2026-01-08T02:14:14.916746Z,price_change,0.1600,SELL,94,0.07,0.0900
2026-01-08T02:14:14.990435Z,price_change,0.06,BUY,1187,0.07,0.0900
2026-01-08T02:14:15.009502Z,price_change,0.0900,SELL,7,0.07,0.0900
2026-01-08T02:14:15.045706Z,price_change,0.0900,SELL,-19,0.07,0.0900
2026-01-08T02:14:15.045706Z,price_change,0.1000,SELL,26,0.07,0.0900
2026-01-08T02:14:15.053196Z,price_change,0.1000,SELL,8629,0.07,0.0900
2026-01-08T02:14:15.07069Z,price_change,0.1600,SELL,-94,0.07,0.0900
2026-01-08T02:14:15.07069Z,price_change,0.1400,SELL,94,0.07,0.0900
2026-01-08T02:14:15.269869Z,price_change,0.0900,SELL,-90,0.07,0.0900
1767838455,last_trade_price,0.09,BUY,90,0.07,0.0900
2026-01-08T02:14:15.281665Z,price_change,0.1000,SELL,150,0.07,0.0900
2026-01-08T02:14:15.283701Z,price_change,0.06,BUY,150,0.07,0.0900
2026-01-08T02:14:15.364942Z,price_change,0.0900,SELL,5,0.07,0.0900
2026-01-08T02:14:15.405981Z,price_change,0.2400,SELL,691,0.07,0.0900
2026-01-08T02:14:15.408663Z,price_change,0.05,BUY,691,0.07,0.0900
2026-01-08T02:14:15.415088Z,price_change,0.03,BUY,-94,0.07,0.0900
2026-01-08T02:14:15.415088Z,price_change,0.02,BUY,94,0.07,0.0900
2026-01-08T02:14:15.843237Z,price_change,0.1000,SELL,-3,0.07,0.0900
2026-01-08T02:14:15.869322Z,price_change,0.0900,SELL,-7,0.07,0.0900
2026-01-08T02:14:15.903952Z,price_change,0.07,BUY,-91,0.07,0.0900
2026-01-08T02:14:15.931142Z,price_change,0.0900,SELL,8629,0.07,0.0900
2026-01-08T02:14:15.938794Z,price_change,0.02,BUY,-94,0.07,0.0900
2026-01-08T02:14:15.964555Z,price_change,0.0900,SELL,45,0.07,0.0900
2026-01-08T02:14:16.061176Z,price_change,0.02,BUY,94,0.07,0.0900
2026-01-08T02:14:16.148068Z,price_change,0.1000,SELL,3,0.07,0.0900
2026-01-08T02:14:16.334218Z,price_change,0.0800,SELL,31,0.07,0.0800
2026-01-08T02:14:16.375075Z,price_change,0.07,BUY,91,0.07,0.0800
2026-01-08T02:14:16.422444Z,price_change,0.1400,SELL,-94,0.07,0.0800
2026-01-08T02:14:16.422444Z,price_change,0.1300,SELL,9,0.07,0.0800
2026-01-08T02:14:16.442579Z,price_change,0.0800,SELL,-25,0.07,0.0800
1767838456,last_trade_price,0.08,BUY,25,0.07,0.0800
2026-01-08T02:14:16.52037Z,price_change,0.0800,SELL,-6,0.07,0.0900
2026-01-08T02:14:16.52037Z,price_change,0.0900,SELL,-202,0.07,0.0900
1767838456,last_trade_price,0.08,BUY,6,0.07,0.0900
1767838456,last_trade_price,0.09,BUY,202,0.07,0.0900
2026-01-08T02:14:16.556267Z,price_change,0.2900,SELL,-39,0.07,0.0900
2026-01-08T02:14:16.568077Z,price_change,0.06,BUY,-150,0.07,0.0900
2026-01-08T02:14:16.569572Z,price_change,0.1000,SELL,-150,0.07,0.0900
2026-01-08T02:14:16.592351Z,price_change,0.1000,SELL,91,0.07,0.0900
2026-01-08T02:14:16.653024Z,price_change,0.1000,SELL,312,0.07,0.0900
2026-01-08T02:14:16.701288Z,price_change,0.1000,SELL,-23,0.07,0.0900
2026-01-08T02:14:16.701288Z,price_change,0.0900,SELL,28,0.07,0.0900
2026-01-08T02:14:16.734549Z,price_change,0.1000,SELL,-3,0.07,0.0900
2026-01-08T02:14:16.843222Z,price_change,0.03,BUY,100,0.07,0.0900
2026-01-08T02:14:16.843656Z,price_change,0.0900,SELL,100,0.07,0.0900
2026-01-08T02:14:16.95063Z,price_change,0.0900,SELL,-20,0.07,0.0900
1767838456,last_trade_price,0.09,BUY,20,0.07,0.0900
2026-01-08T02:14:16.957619Z,price_change,0.0900,SELL,-111,0.07,0.0900
1767838456,last_trade_price,0.09,BUY,111,0.07,0.0900
2026-01-08T02:14:17.005502Z,price_change,0.0800,SELL,150,0.07,0.0800
2026-01-08T02:14:17.007673Z,price_change,0.02,BUY,62,0.07,0.0800
2026-01-08T02:14:17.098468Z,price_change,0.0800,SELL,-52,0.07,0.0800
1767838457,last_trade_price,0.08,BUY,52,0.07,0.0800
2026-01-08T02:14:17.099561Z,price_change,0.1300,SELL,70,0.07,0.0800
2026-01-08T02:14:17.205909Z,price_change,0.07,BUY,-34,0.07,0.0800
1767838457,last_trade_price,0.93,SELL,34,0.07,0.0800
2026-01-08T02:14:17.347428Z,price_change,0.07,BUY,-100,0.07,0.0800
1767838457,last_trade_price,0.93,SELL,100,0.07,0.0800
2026-01-08T02:14:17.349915Z,price_change,0.07,BUY,-1053,0.07,0.0800
2026-01-08T02:14:17.349915Z,price_change,0.07,BUY,-91,0.06,0.0800
2026-01-08T02:14:17.349915Z,price_change,0.06,BUY,-6,0.06,0.0800
1767838457,last_trade_price,0.93,SELL,1053,0.06,0.0800
1767838457,last_trade_price,0.93,SELL,91,0.06,0.0800
1767838457,last_trade_price,0.94,SELL,6,0.06,0.0800
2026-01-08T02:14:17.35021Z,price_change,0.1400,SELL,1,0.06,0.0800
2026-01-08T02:14:17.375955Z,price_change,0.0900,SELL,-100,0.06,0.0800
2026-01-08T02:14:17.382026Z,price_change,0.7500,SELL,-223,0.06,0.0800
2026-01-08T02:14:17.38976Z,price_change,0.0800,SELL,205,0.06,0.0800
2026-01-08T02:14:17.394325Z,price_change,0.1000,SELL,-1187,0.06,0.0800
2026-01-08T02:14:17.401169Z,price_change,0.1100,SELL,-1187,0.06,0.0800
2026-01-08T02:14:17.416047Z,price_change,0.1200,SELL,-1187,0.06,0.0800
2026-01-08T02:14:17.416308Z,price_change,0.07,BUY,1187,0.07,0.0800
2026-01-08T02:14:17.434611Z,price_change,0.0800,SELL,100,0.07,0.0800
2026-01-08T02:14:17.462246Z,price_change,0.1300,SELL,15,0.07,0.0800
2026-01-08T02:14:17.475321Z,price_change,0.0900,SELL,1187,0.07,0.0800
2026-01-08T02:14:17.531319Z,price_change,0.0900,SELL,-1,0.07,0.0800
2026-01-08T02:14:17.57171Z,price_change,0.0900,SELL,1187,0.07,0.0800
2026-01-08T02:14:17.580522Z,price_change,0.07,BUY,-2,0.07,0.0800
1767838457,last_trade_price,0.93,SELL,2,0.07,0.0800
2026-01-08T02:14:17.699874Z,price_change,0.0800,SELL,-98,0.07,0.0800
2026-01-08T02:14:17.699874Z,price_change,0.0800,SELL,-102,0.07,0.0800
1767838457,last_trade_price,0.08,BUY,98,0.07,0.0800
1767838457,last_trade_price,0.08,BUY,102,0.07,0.0800
2026-01-08T02:14:17.716752Z,price_change,0.1100,SELL,100,0.07,0.0800
2026-01-08T02:14:17.750885Z,price_change,0.2900,SELL,-90,0.07,0.0800
2026-01-08T02:14:17.757045Z,price_change,0.02,BUY,-62,0.07,0.0800
2026-01-08T02:14:17.790727Z,price_change,0.0800,SELL,-103,0.07,0.0800
2026-01-08T02:14:17.790727Z,price_change,0.0800,SELL,-97,0.07,0.0800
1767838457,last_trade_price,0.08,BUY,103,0.07,0.0800
1767838457,last_trade_price,0.08,BUY,97,0.07,0.0800
2026-01-08T02:14:17.807388Z,price_change,0.0800,SELL,150,0.07,0.0800
2026-01-08T02:14:17.808017Z,price_change,0.02,BUY,62,0.07,0.0800
2026-01-08T02:14:17.811916Z,price_change,0.0800,SELL,-2,0.07,0.0800
1767838457,last_trade_price,0.08,BUY,2,0.07,0.0800
2026-01-08T02:14:17.824227Z,price_change,0.01,BUY,15000,0.07,0.0800
2026-01-08T02:14:18.002682Z,price_change,0.05,BUY,-691,0.07,0.0800
2026-01-08T02:14:18.002682Z,price_change,0.2400,SELL,-691,0.07,0.0800
2026-01-08T02:14:18.005632Z,price_change,0.0800,SELL,-1,0.07,0.0800
2026-01-08T02:14:18.005632Z,price_change,0.0800,SELL,-57,0.07,0.0800
1767838458,last_trade_price,0.08,BUY,1,0.07,0.0800
1767838458,last_trade_price,0.08,BUY,57,0.07,0.0800
2026-01-08T02:14:18.006795Z,price_change,0.0800,SELL,-1,0.07,0.0800
1767838458,last_trade_price,0.08,BUY,1,0.07,0.0800
2026-01-08T02:14:18.050871Z,price_change,0.0900,SELL,1187,0.07,0.0800
2026-01-08T02:14:18.086481Z,price_change,0.1300,SELL,-29,0.07,0.0800
2026-01-08T02:14:18.11996Z,price_change,0.01,BUY,-15000,0.07,0.0800
2026-01-08T02:14:18.172136Z,price_change,0.1300,SELL,-17,0.07,0.0800
2026-01-08T02:14:18.270219Z,price_change,0.0900,SELL,1,0.07,0.0800
2026-01-08T02:14:18.502965Z,price_change,0.06,BUY,-540,0.07,0.0800
2026-01-08T02:14:18.504094Z,price_change,0.0900,SELL,-960,0.07,0.0800
2026-01-08T02:14:18.509218Z,price_change,0.07,BUY,-130,0.07,0.0800
1767838458,last_trade_price,0.93,SELL,130,0.07,0.0800
2026-01-08T02:14:18.516763Z,price_change,0.05,BUY,618,0.07,0.0800
2026-01-08T02:14:18.51795Z,price_change,0.0800,SELL,881,0.07,0.0800
2026-01-08T02:14:18.533205Z,price_change,0.02,BUY,62,0.07,0.0800
2026-01-08T02:14:18.535808Z,price_change,0.7400,SELL,189,0.07,0.0800
2026-01-08T02:14:18.536473Z,price_change,0.1300,SELL,46,0.07,0.0800
2026-01-08T02:14:18.538371Z,price_change,0.02,BUY,-94,0.07,0.0800
2026-01-08T02:14:18.575116Z,price_change,0.0900,SELL,-1,0.07,0.0800
2026-01-08T02:14:18.590574Z,price_change,0.0800,SELL,-46,0.07,0.0800
1767838458,last_trade_price,0.08,BUY,46,0.07,0.0800
2026-01-08T02:14:18.619209Z,price_change,0.0800,SELL,-46,0.07,0.0800
2026-01-08T02:14:18.619209Z,price_change,0.0800,SELL,-68,0.07,0.0800
1767838458,last_trade_price,0.08,BUY,46,0.07,0.0800
1767838458,last_trade_price,0.08,BUY,68,0.07,0.0800
2026-01-08T02:14:18.634546Z,price_change,0.05,BUY,-618,0.07,0.0800
2026-01-08T02:14:18.637335Z,price_change,0.0800,SELL,-813,0.07,0.0900
2026-01-08T02:14:18.644389Z,price_change,0.06,BUY,668,0.07,0.0900
2026-01-08T02:14:18.650459Z,price_change,0.7200,SELL,-201,0.07,0.0900
2026-01-08T02:14:18.653168Z,price_change,0.0900,SELL,832,0.07,0.0900
2026-01-08T02:14:18.664884Z,price_change,0.1300,SELL,-94,0.07,0.0900
2026-01-08T02:14:18.664884Z,price_change,0.1400,SELL,94,0.07,0.0900
2026-01-08T02:14:18.672935Z,price_change,0.02,BUY,94,0.07,0.0900
2026-01-08T02:14:18.699799Z,price_change,0.0900,SELL,-1,0.07,0.0900
2026-01-08T02:14:18.772782Z,price_change,0.02,BUY,-62,0.07,0.0900
2026-01-08T02:14:18.817866Z,price_change,0.02,BUY,62,0.07,0.0900
2026-01-08T02:14:18.819656Z,price_change,0.0900,SELL,1,0.07,0.0900
2026-01-08T02:14:18.82044Z,price_change,0.0800,SELL,150,0.07,0.0800
2026-01-08T02:14:18.838757Z,price_change,0.1400,SELL,-94,0.07,0.0800
2026-01-08T02:14:18.838757Z,price_change,0.1300,SELL,43,0.07,0.0800
2026-01-08T02:14:19.117922Z,price_change,0.06,BUY,5,0.07,0.0800
2026-01-08T02:14:19.26304Z,price_change,0.0800,SELL,-7,0.07,0.0800
1767838459,last_trade_price,0.08,BUY,7,0.07,0.0800
2026-01-08T02:14:19.286223Z,price_change,0.1300,SELL,-11,0.07,0.0800
2026-01-08T02:14:19.296798Z,price_change,0.6200,SELL,-2282,0.07,0.0800
2026-01-08T02:14:19.301498Z,price_change,0.04,BUY,-136,0.07,0.0800
2026-01-08T02:14:19.322007Z,price_change,0.0900,SELL,2,0.07,0.0800
2026-01-08T02:14:19.33722Z,price_change,0.0900,SELL,-1,0.07,0.0800
2026-01-08T02:14:19.363249Z,price_change,0.6100,SELL,2282,0.07,0.0800
2026-01-08T02:14:19.366914Z,price_change,0.03,BUY,136,0.07,0.0800
2026-01-08T02:14:19.470521Z,price_change,0.0800,SELL,-11,0.07,0.0800
1767838459,last_trade_price,0.08,BUY,11,0.07,0.0800
2026-01-08T02:14:19.501934Z,price_change,0.0800,SELL,-11,0.07,0.0800
1767838459,last_trade_price,0.08,BUY,11,0.07,0.0800
2026-01-08T02:14:19.66574Z,price_change,0.07,BUY,-153,0.07,0.0800
1767838459,last_trade_price,0.93,SELL,153,0.07,0.0800
2026-01-08T02:14:19.694753Z,price_change,0.1300,SELL,-32,0.07,0.0800
2026-01-08T02:14:19.694753Z,price_change,0.1400,SELL,94,0.07,0.0800
2026-01-08T02:14:19.703739Z,price_change,0.03,BUY,-136,0.07,0.0800
2026-01-08T02:14:19.706745Z,price_change,0.6100,SELL,-2282,0.07,0.0800
2026-01-08T02:14:19.713002Z,price_change,0.0800,SELL,-5,0.07,0.0800
1767838459,last_trade_price,0.08,BUY,5,0.07,0.0800
2026-01-08T02:14:19.740932Z,price_change,0.0800,SELL,-116,0.07,0.0900
2026-01-08T02:14:19.742559Z,price_change,0.02,BUY,-62,0.07,0.0900
2026-01-08T02:14:19.74458Z,price_change,0.04,BUY,136,0.07,0.0900
2026-01-08T02:14:19.745121Z,price_change,0.6200,SELL,2282,0.07,0.0900
2026-01-08T02:14:19.777653Z,price_change,0.07,BUY,91,0.07,0.0900
2026-01-08T02:14:19.780944Z,price_change,0.02,BUY,62,0.07,0.0900
2026-01-08T02:14:19.783431Z,price_change,0.0900,SELL,150,0.07,0.0900
2026-01-08T02:14:19.791661Z,price_change,0.0900,SELL,7500,0.07,0.0900
2026-01-08T02:14:20.017724Z,price_change,0.0900,SELL,2,0.07,0.0900
2026-01-08T02:14:20.046Z,price_change,0.0900,SELL,-2,0.07,0.0900
2026-01-08T02:14:20.084752Z,price_change,0.0900,SELL,100,0.07,0.0900
2026-01-08T02:14:20.105322Z,price_change,0.06,BUY,-2494,0.07,0.0900
2026-01-08T02:14:20.124437Z,price_change,0.0900,SELL,-7500,0.07,0.0900
2026-01-08T02:14:20.213525Z,price_change,0.08,BUY,300,0.08,0.0900
2026-01-08T02:14:20.222431Z,price_change,0.08,BUY,-69,0.08,0.0900
1767838460,last_trade_price,0.92,SELL,69,0.08,0.0900
2026-01-08T02:14:20.226879Z,price_change,0.06,BUY,-668,0.08,0.0900
2026-01-08T02:14:20.230807Z,price_change,0.0900,SELL,-832,0.08,0.0900
2026-01-08T02:14:20.238898Z,price_change,0.07,BUY,668,0.08,0.0900
2026-01-08T02:14:20.246456Z,price_change,0.7300,SELL,198,0.08,0.0900
2026-01-08T02:14:20.24701Z,price_change,0.1000,SELL,832,0.08,0.0900
2026-01-08T02:14:20.557413Z,price_change,0.1500,SELL,25000,0.08,0.0900
2026-01-08T02:14:20.567516Z,price_change,0.08,BUY,-231,0.07,0.0900
2026-01-08T02:14:20.567516Z,price_change,0.07,BUY,-288,0.07,0.0900
1767838460,last_trade_price,0.92,SELL,231,0.07,0.0900
1767838460,last_trade_price,0.93,SELL,288,0.07,0.0900
2026-01-08T02:14:20.581079Z,price_change,0.07,BUY,-668,0.07,0.0900
2026-01-08T02:14:20.58371Z,price_change,0.1000,SELL,-832,0.07,0.0900
2026-01-08T02:14:20.593724Z,price_change,0.06,BUY,668,0.07,0.0900
2026-01-08T02:14:20.596457Z,price_change,0.0900,SELL,832,0.07,0.0900
2026-01-08T02:14:20.711531Z,price_change,0.07,BUY,-68,0.07,0.0900
1767838460,last_trade_price,0.93,SELL,68,0.07,0.0900
2026-01-08T02:14:20.715491Z,price_change,0.05,BUY,587,0.07,0.0900
2026-01-08T02:14:20.716827Z,price_change,0.0900,SELL,587,0.07,0.0900
2026-01-08T02:14:20.741061Z,price_change,0.0900,SELL,91,0.07,0.0900
2026-01-08T02:14:20.741794Z,price_change,0.06,BUY,91,0.07,0.0900
2026-01-08T02:14:20.838212Z,price_change,0.0900,SELL,-26,0.07,0.0900
2026-01-08T02:14:20.838212Z,price_change,0.1000,SELL,28,0.07,0.0900
2026-01-08T02:14:20.877929Z,price_change,0.0900,SELL,-2,0.07,0.0900
2026-01-08T02:14:20.97053Z,price_change,0.05,BUY,-8629,0.07,0.0900
2026-01-08T02:14:20.973025Z,price_change,0.05,BUY,-8629,0.07,0.0900
2026-01-08T02:14:20.973762Z,price_change,0.05,BUY,-8629,0.07,0.0900
2026-01-08T02:14:20.975549Z,price_change,0.1000,SELL,-8629,0.07,0.0900
2026-01-08T02:14:20.978022Z,price_change,0.0900,SELL,-8629,0.07,0.0900
2026-01-08T02:14:20.980527Z,price_change,0.1000,SELL,-588,0.07,0.0900
2026-01-08T02:14:20.981828Z,price_change,0.04,BUY,-588,0.07,0.0900
2026-01-08T02:14:21.019693Z,price_change,0.06,BUY,-91,0.07,0.0900
2026-01-08T02:14:21.021183Z,price_change,0.1000,SELL,-91,0.07,0.0900
2026-01-08T02:14:21.057228Z,price_change,0.04,BUY,91,0.07,0.0900
2026-01-08T02:14:21.058597Z,price_change,0.1400,SELL,91,0.07,0.0900
2026-01-08T02:14:21.165764Z,price_change,0.07,BUY,-152,0.07,0.0900
1767838461,last_trade_price,0.93,SELL,152,0.07,0.0900
2026-01-08T02:14:21.212054Z,price_change,0.0900,SELL,69000,0.07,0.0900
2026-01-08T02:14:21.242024Z,price_change,0.1400,SELL,-94,0.07,0.0900
2026-01-08T02:14:21.313611Z,price_change,0.0900,SELL,-10,0.07,0.0900
1767838461,last_trade_price,0.09,BUY,10,0.07,0.0900
2026-01-08T02:14:21.327763Z,price_change,0.05,BUY,-587,0.07,0.0900
2026-01-08T02:14:21.453155Z,price_change,0.2200,SELL,24,0.07,0.0900
2026-01-08T02:14:21.510095Z,price_change,0.0900,SELL,-1187,0.07,0.0900
2026-01-08T02:14:21.511653Z,price_change,0.04,BUY,-136,0.07,0.0900
2026-01-08T02:14:21.511733Z,price_change,0.0900,SELL,-1187,0.07,0.0900
2026-01-08T02:14:21.511764Z,price_change,0.04,BUY,-91,0.07,0.0900
2026-01-08T02:14:21.511835Z,price_change,0.07,BUY,-394,0.07,0.0900
2026-01-08T02:14:21.51219Z,price_change,0.4900,SELL,-365,0.07,0.0900
2026-01-08T02:14:21.512687Z,price_change,0.0900,SELL,-1187,0.07,0.0900
2026-01-08T02:14:21.513232Z,price_change,0.1000,SELL,-1187,0.07,0.0900
2026-01-08T02:14:21.513327Z,price_change,0.06,BUY,-1187,0.07,0.0900
2026-01-08T02:14:21.513435Z,price_change,0.07,BUY,-91,0.06,0.0900
2026-01-08T02:14:21.513855Z,price_change,0.6200,SELL,-2282,0.06,0.0900
2026-01-08T02:14:21.5139Z,price_change,0.1400,SELL,-91,0.06,0.0900
2026-01-08T02:14:21.514034Z,price_change,0.0900,SELL,-91,0.06,0.0900
2026-01-08T02:14:21.514135Z,price_change,0.1300,SELL,-136,0.06,0.0900
2026-01-08T02:14:21.514949Z,price_change,0.1100,SELL,-1187,0.06,0.0900
2026-01-08T02:14:21.53745Z,price_change,0.1000,SELL,-1187,0.06,0.0900
2026-01-08T02:14:21.546343Z,price_change,0.02,BUY,-93,0.06,0.0900
2026-01-08T02:14:21.550899Z,price_change,0.0700,SELL,1506,0.06,0.0700
2026-01-08T02:14:21.573421Z,price_change,0.4000,SELL,1187,0.06,0.0700
2026-01-08T02:14:21.574778Z,price_change,0.6100,SELL,91,0.06,0.0700
2026-01-08T02:14:21.575282Z,price_change,0.4000,SELL,1187,0.06,0.0700
2026-01-08T02:14:21.579157Z,price_change,0.4100,SELL,1187,0.06,0.0700
2026-01-08T02:14:21.579753Z,price_change,0.3900,SELL,1187,0.06,0.0700
2026-01-08T02:14:21.581511Z,price_change,0.3900,SELL,1187,0.06,0.0700
2026-01-08T02:14:21.582306Z,price_change,0.3900,SELL,1187,0.06,0.0700
2026-01-08T02:14:21.607715Z,price_change,0.0700,SELL,7500,0.06,0.0700
2026-01-08T02:14:21.622434Z,price_change,0.06,BUY,-668,0.06,0.0700
2026-01-08T02:14:21.623544Z,price_change,0.0900,SELL,-832,0.06,0.0700
2026-01-08T02:14:21.633962Z,price_change,0.02,BUY,-1,0.06,0.0700
2026-01-08T02:14:21.633962Z,price_change,0.01,BUY,94,0.06,0.0700
2026-01-08T02:14:21.63515Z,price_change,0.04,BUY,668,0.06,0.0700
2026-01-08T02:14:21.636682Z,price_change,0.0700,SELL,832,0.06,0.0700
2026-01-08T02:14:21.641043Z,price_change,0.04,BUY,-668,0.06,0.0700
2026-01-08T02:14:21.642128Z,price_change,0.0700,SELL,-832,0.06,0.0700
2026-01-08T02:14:21.649666Z,price_change,0.01,BUY,-94,0.06,0.0700
2026-01-08T02:14:21.658033Z,price_change,0.04,BUY,668,0.06,0.0700
2026-01-08T02:14:21.659169Z,price_change,0.0700,SELL,832,0.06,0.0700
2026-01-08T02:14:21.73815Z,price_change,0.1000,SELL,-28,0.06,0.0700
2026-01-08T02:14:21.73815Z,price_change,0.0900,SELL,28,0.06,0.0700
2026-01-08T02:14:21.756058Z,price_change,0.0900,SELL,-5,0.06,0.0700
2026-01-08T02:14:21.756058Z,price_change,0.0800,SELL,50,0.06,0.0700
2026-01-08T02:14:21.76721Z,price_change,0.0900,SELL,-45,0.06,0.0700
2026-01-08T02:14:21.814039Z,price_change,0.04,BUY,-668,0.06,0.0700
2026-01-08T02:14:21.815384Z,price_change,0.0700,SELL,-832,0.06,0.0700
2026-01-08T02:14:21.827661Z,price_change,0.05,BUY,668,0.06,0.0700
2026-01-08T02:14:21.82775Z,price_change,0.0900,SELL,-9042,0.06,0.0700
2026-01-08T02:14:21.829098Z,price_change,0.0800,SELL,832,0.06,0.0700
2026-01-08T02:14:21.851837Z,price_change,0.3900,SELL,-1187,0.06,0.0700
2026-01-08T02:14:21.852323Z,price_change,0.4100,SELL,-1187,0.06,0.0700
2026-01-08T02:14:21.85323Z,price_change,0.4000,SELL,-1187,0.06,0.0700
2026-01-08T02:14:21.885146Z,price_change,0.0900,SELL,-100,0.06,0.0700
2026-01-08T02:14:21.889773Z,price_change,0.3800,SELL,1187,0.06,0.0700
2026-01-08T02:14:21.895482Z,price_change,0.3800,SELL,1187,0.06,0.0700
2026-01-08T02:14:21.916505Z,price_change,0.0800,SELL,100,0.06,0.0700
2026-01-08T02:14:21.936928Z,price_change,0.3800,SELL,1187,0.06,0.0700
2026-01-08T02:14:22.044487Z,price_change,0.0900,SELL,-28,0.06,0.0700
2026-01-08T02:14:22.044487Z,price_change,0.0800,SELL,28,0.06,0.0700
2026-01-08T02:14:22.156552Z,price_change,0.3800,SELL,-1187,0.06,0.0700
2026-01-08T02:14:22.159088Z,price_change,0.3800,SELL,-1187,0.06,0.0700
2026-01-08T02:14:22.1791Z,price_change,0.0800,SELL,-50,0.06,0.0700
2026-01-08T02:14:22.1791Z,price_change,0.0700,SELL,50,0.06,0.0700
2026-01-08T02:14:22.182867Z,price_change,0.3800,SELL,-1187,0.06,0.0700
2026-01-08T02:14:22.222362Z,price_change,0.4100,SELL,1187,0.06,0.0700
2026-01-08T02:14:22.223576Z,price_change,0.4000,SELL,1187,0.06,0.0700
2026-01-08T02:14:22.225606Z,price_change,0.3900,SELL,1187,0.06,0.0700
2026-01-08T02:14:22.352466Z,price_change,0.0700,SELL,-10,0.06,0.0700
1767838462,last_trade_price,0.07,BUY,10,0.06,0.0700
2026-01-08T02:14:22.424728Z,price_change,0.3900,SELL,-1187,0.06,0.0700
2026-01-08T02:14:22.450081Z,price_change,0.4000,SELL,-1187,0.06,0.0700
2026-01-08T02:14:22.454278Z,price_change,0.4100,SELL,-1187,0.06,0.0700
2026-01-08T02:14:22.497026Z,price_change,0.3800,SELL,1187,0.06,0.0700
2026-01-08T02:14:22.497716Z,price_change,0.3800,SELL,1187,0.06,0.0700
2026-01-08T02:14:22.499719Z,price_change,0.3800,SELL,1187,0.06,0.0700
2026-01-08T02:14:23.246177Z,price_change,0.3800,SELL,-1187,0.06,0.0700
2026-01-08T02:14:23.246284Z,price_change,0.3900,SELL,-1187,0.06,0.0700
2026-01-08T02:14:23.246471Z,price_change,0.3900,SELL,-1187,0.06,0.0700
2026-01-08T02:14:23.246774Z,price_change,0.2900,SELL,38,0.06,0.0700
2026-01-08T02:14:23.247051Z,price_change,0.6100,SELL,-91,0.06,0.0700
2026-01-08T02:14:23.248139Z,price_change,0.4000,SELL,-1187,0.06,0.0700
2026-01-08T02:14:23.248441Z,price_change,0.01,BUY,503,0.06,0.0700
2026-01-08T02:14:23.24947Z,price_change,0.3800,SELL,-1187,0.06,0.0700
2026-01-08T02:14:23.263395Z,price_change,0.06,BUY,-69,0.06,0.0700
1767838463,last_trade_price,0.94,SELL,69,0.06,0.0700
2026-01-08T02:14:23.270894Z,price_change,0.3800,SELL,-1187,0.06,0.0700
2026-01-08T02:14:23.272835Z,price_change,0.6600,SELL,58,0.06,0.0700
2026-01-08T02:14:23.282926Z,price_change,0.0700,SELL,-13,0.06,0.0700
1767838463,last_trade_price,0.07,BUY,13,0.06,0.0700
2026-01-08T02:14:23.304917Z,price_change,0.1400,SELL,503,0.06,0.0700
2026-01-08T02:14:23.305584Z,price_change,0.1600,SELL,503,0.06,0.0700
2026-01-08T02:14:23.306499Z,price_change,0.1500,SELL,503,0.06,0.0700
2026-01-08T02:14:23.307526Z,price_change,0.1900,SELL,38,0.06,0.0700
2026-01-08T02:14:23.308103Z,price_change,0.1400,SELL,503,0.06,0.0700
2026-01-08T02:14:23.309651Z,price_change,0.1400,SELL,503,0.06,0.0700
2026-01-08T02:14:23.33072Z,price_change,0.1500,SELL,503,0.06,0.0700
2026-01-08T02:14:23.355912Z,price_change,0.01,BUY,300,0.06,0.0700
2026-01-08T02:14:23.48765Z,price_change,0.05,BUY,-25,0.06,0.0700
2026-01-08T02:14:23.48765Z,price_change,0.06,BUY,25,0.06,0.0700
2026-01-08T02:14:23.54354Z,price_change,0.1400,SELL,-503,0.06,0.0700
2026-01-08T02:14:23.543629Z,price_change,0.1900,SELL,-38,0.06,0.0700
2026-01-08T02:14:23.545221Z,price_change,0.06,BUY,-31,0.06,0.0700
2026-01-08T02:14:23.545221Z,price_change,0.06,BUY,-500,0.06,0.0700
2026-01-08T02:14:23.545221Z,price_change,0.06,BUY,-5,0.06,0.0700
2026-01-08T02:14:23.545221Z,price_change,0.06,BUY,-25,0.05,0.0700
2026-01-08T02:14:23.545221Z,price_change,0.05,BUY,-668,0.04,0.0700
1767838463,last_trade_price,0.94,SELL,31,0.04,0.0700
1767838463,last_trade_price,0.94,SELL,500,0.04,0.0700
1767838463,last_trade_price,0.94,SELL,5,0.04,0.0700
1767838463,last_trade_price,0.94,SELL,25,0.04,0.0700
1767838463,last_trade_price,0.95,SELL,668,0.04,0.0700
2026-01-08T02:14:23.54533Z,price_change,0.1500,SELL,-503,0.04,0.0700
2026-01-08T02:14:23.547119Z,price_change,0.6600,SELL,-58,0.04,0.0700
2026-01-08T02:14:23.547124Z,price_change,0.1600,SELL,-503,0.04,0.0700
2026-01-08T02:14:23.548417Z,price_change,0.1400,SELL,-503,0.04,0.0700
2026-01-08T02:14:23.548727Z,price_change,0.01,BUY,-503,0.04,0.0700
2026-01-08T02:14:23.548907Z,price_change,0.1400,SELL,-503,0.04,0.0700
2026-01-08T02:14:23.549648Z,price_change,0.1500,SELL,-503,0.04,0.0700
2026-01-08T02:14:23.557195Z,price_change,0.0800,SELL,-832,0.04,0.0700
2026-01-08T02:14:23.559976Z,price_change,0.01,BUY,-2939,0.04,0.0700
2026-01-08T02:14:23.560967Z,price_change,0.03,BUY,334,0.04,0.0700
2026-01-08T02:14:23.573994Z,price_change,0.0600,SELL,1166,0.04,0.0600
2026-01-08T02:14:23.619625Z,price_change,0.2900,SELL,-38,0.04,0.0600
2026-01-08T02:14:23.644479Z,price_change,0.0700,SELL,740,0.04,0.0600
2026-01-08T02:14:23.64497Z,price_change,0.03,BUY,-334,0.04,0.0600
2026-01-08T02:14:23.646143Z,price_change,0.0600,SELL,-1166,0.04,0.0700
2026-01-08T02:14:23.646981Z,price_change,0.2900,SELL,85,0.04,0.0700
2026-01-08T02:14:23.647103Z,price_change,0.0600,SELL,740,0.04,0.0600
2026-01-08T02:14:23.64727Z,price_change,0.0600,SELL,740,0.04,0.0600
2026-01-08T02:14:23.647821Z,price_change,0.0800,SELL,740,0.04,0.0600
2026-01-08T02:14:23.648123Z,price_change,0.0700,SELL,740,0.04,0.0600
2026-01-08T02:14:23.64815Z,price_change,0.0600,SELL,740,0.04,0.0600
2026-01-08T02:14:23.648969Z,price_change,0.01,BUY,740,0.04,0.0600
2026-01-08T02:14:23.650409Z,price_change,0.0800,SELL,56,0.04,0.0600
2026-01-08T02:14:23.660065Z,price_change,0.04,BUY,810,0.04,0.0600
2026-01-08T02:14:23.661413Z,price_change,0.0700,SELL,-7500,0.04,0.0600
2026-01-08T02:14:23.661486Z,price_change,0.0700,SELL,689,0.04,0.0600
2026-01-08T02:14:23.666833Z,price_change,0.1400,SELL,56,0.04,0.0600
2026-01-08T02:14:23.69606Z,price_change,0.0600,SELL,7500,0.04,0.0600
2026-01-08T02:14:23.713111Z,price_change,0.0800,SELL,-28,0.04,0.0600
2026-01-08T02:14:23.713111Z,price_change,0.0700,SELL,28,0.04,0.0600
2026-01-08T02:14:23.74287Z,price_change,0.05,BUY,69,0.05,0.0600
2026-01-08T02:14:24.001623Z,price_change,0.0900,SELL,-69000,0.05,0.0600
2026-01-08T02:14:24.044515Z,price_change,0.0600,SELL,-740,0.05,0.0600
2026-01-08T02:14:24.055318Z,price_change,0.0600,SELL,-740,0.05,0.0600
2026-01-08T02:14:24.068803Z,price_change,0.1100,SELL,93,0.05,0.0600
2026-01-08T02:14:24.073595Z,price_change,0.0600,SELL,-740,0.05,0.0600
2026-01-08T02:14:24.106889Z,price_change,0.0900,SELL,740,0.05,0.0600
2026-01-08T02:14:24.107149Z,price_change,0.0800,SELL,740,0.05,0.0600
2026-01-08T02:14:24.107991Z,price_change,0.0700,SELL,740,0.05,0.0600
2026-01-08T02:14:24.110798Z,price_change,0.1200,SELL,50,0.05,0.0600
2026-01-08T02:14:24.133457Z,price_change,0.0700,SELL,-50,0.05,0.0600
2026-01-08T02:14:24.133457Z,price_change,0.0600,SELL,50,0.05,0.0600
2026-01-08T02:14:24.16082Z,price_change,0.0600,SELL,-7500,0.05,0.0600
2026-01-08T02:14:24.176627Z,price_change,0.0700,SELL,7500,0.05,0.0600
2026-01-08T02:14:24.179046Z,price_change,0.0600,SELL,-26,0.05,0.0600
1767838464,last_trade_price,0.06,BUY,26,0.05,0.0600
2026-01-08T02:14:24.204335Z,price_change,0.1100,SELL,-93,0.05,0.0600
2026-01-08T02:14:24.204335Z,price_change,0.1200,SELL,93,0.05,0.0600
2026-01-08T02:14:24.259456Z,price_change,0.05,BUY,-69,0.04,0.0600
2026-01-08T02:14:24.442387Z,price_change,0.0600,SELL,-24,0.04,0.0700
2026-01-08T02:14:24.442387Z,price_change,0.0700,SELL,-646,0.04,0.0700
1767838464,last_trade_price,0.06,BUY,24,0.04,0.0700
1767838464,last_trade_price,0.07,BUY,646,0.04,0.0700
2026-01-08T02:14:24.454891Z,price_change,0.0800,SELL,-100,0.04,0.0700
2026-01-08T02:14:24.455587Z,price_change,0.03,BUY,-100,0.04,0.0700
2026-01-08T02:14:24.49216Z,price_change,0.9700,SELL,300,0.04,0.0700
2026-01-08T02:14:24.492379Z,price_change,0.0700,SELL,100,0.04,0.0700
2026-01-08T02:14:24.497244Z,price_change,0.02,BUY,100,0.04,0.0700
2026-01-08T02:14:24.549013Z,price_change,0.02,BUY,-62,0.04,0.0700
2026-01-08T02:14:24.550613Z,price_change,0.0900,SELL,-150,0.04,0.0700
2026-01-08T02:14:24.593124Z,price_change,0.0700,SELL,-100,0.04,0.0700
1767838464,last_trade_price,0.07,BUY,100,0.04,0.0700
2026-01-08T02:14:24.599235Z,price_change,0.02,BUY,740,0.04,0.0700
2026-01-08T02:14:24.609411Z,price_change,0.06,BUY,10,0.06,0.0700
2026-01-08T02:14:24.622675Z,price_change,0.04,BUY,-810,0.06,0.0700
2026-01-08T02:14:24.625349Z,price_change,0.0700,SELL,-689,0.06,0.0700
2026-01-08T02:14:24.636236Z,price_change,0.06,BUY,1155,0.06,0.0700
2026-01-08T02:14:24.637271Z,price_change,0.0900,SELL,345,0.06,0.0700
2026-01-08T02:14:24.638594Z,price_change,0.06,BUY,-1155,0.06,0.0700
2026-01-08T02:14:24.647632Z,price_change,0.1200,SELL,-93,0.06,0.0700
2026-01-08T02:14:24.647632Z,price_change,0.1300,SELL,93,0.06,0.0700
2026-01-08T02:14:24.65759Z,price_change,0.05,BUY,1155,0.06,0.0700
2026-01-08T02:14:24.662323Z,price_change,0.05,BUY,-1155,0.06,0.0700
2026-01-08T02:14:24.677863Z,price_change,0.06,BUY,1155,0.06,0.0700
2026-01-08T02:14:24.682588Z,price_change,0.06,BUY,-1155,0.06,0.0700
2026-01-08T02:14:24.695333Z,price_change,0.06,BUY,1155,0.06,0.0700
2026-01-08T02:14:24.698098Z,price_change,0.06,BUY,-1155,0.06,0.0700
2026-01-08T02:14:24.709026Z,price_change,0.06,BUY,1155,0.06,0.0700
2026-01-08T02:14:24.816375Z,price_change,0.1300,SELL,-93,0.06,0.0700
2026-01-08T02:14:24.816375Z,price_change,0.1200,SELL,93,0.06,0.0700
2026-01-08T02:14:24.819164Z,price_change,0.02,BUY,-100,0.06,0.0700
2026-01-08T02:14:24.821032Z,price_change,0.0700,SELL,-100,0.06,0.0700
2026-01-08T02:14:24.864617Z,price_change,0.0800,SELL,-56,0.06,0.0700
2026-01-08T02:14:24.866968Z,price_change,0.06,BUY,-10,0.06,0.0700
2026-01-08T02:14:24.866968Z,price_change,0.06,BUY,-1155,0.04,0.0700
2026-01-08T02:14:24.866968Z,price_change,0.0600,SELL,7464,0.04,0.0600
1767838464,last_trade_price,0.94,SELL,10,0.04,0.0600
1767838464,last_trade_price,0.94,SELL,1155,0.04,0.0600
2026-01-08T02:14:24.876982Z,price_change,0.0900,SELL,-345,0.04,0.0600
2026-01-08T02:14:24.885353Z,price_change,0.03,BUY,577,0.04,0.0600
2026-01-08T02:14:24.888671Z,price_change,0.0600,SELL,922,0.04,0.0600
2026-01-08T02:14:24.899095Z,price_change,0.0700,SELL,-7500,0.04,0.0600
2026-01-08T02:14:24.901544Z,price_change,0.0900,SELL,56,0.04,0.0600
2026-01-08T02:14:24.919229Z,price_change,0.0500,SELL,7500,0.04,0.0500
2026-01-08T02:14:24.991642Z,price_change,0.0600,SELL,8629,0.04,0.0500
2026-01-08T02:14:25.04574Z,price_change,0.1200,SELL,-93,0.04,0.0500
2026-01-08T02:14:25.04574Z,price_change,0.1100,SELL,93,0.04,0.0500
2026-01-08T02:14:25.147892Z,price_change,0.0600,SELL,10000,0.04,0.0500
2026-01-08T02:14:25.182261Z,price_change,0.0600,SELL,8629,0.04,0.0500
2026-01-08T02:14:25.29795Z,price_change,0.0600,SELL,8629,0.04,0.0500
2026-01-08T02:14:25.379561Z,price_change,0.0600,SELL,8629,0.04,0.0500
2026-01-08T02:14:25.497095Z,price_change,0.0600,SELL,50,0.04,0.0500
2026-01-08T02:14:25.52005Z,price_change,0.0700,SELL,-737,0.04,0.0500
2026-01-08T02:14:25.52721Z,price_change,0.0700,SELL,-28,0.04,0.0500
2026-01-08T02:14:25.52721Z,price_change,0.0600,SELL,28,0.04,0.0500
2026-01-08T02:14:25.577212Z,price_change,0.0600,SELL,8629,0.04,0.0500
2026-01-08T02:14:25.590573Z,price_change,0.0600,SELL,-50,0.04,0.0500
2026-01-08T02:14:25.590573Z,price_change,0.0500,SELL,50,0.04,0.0500
2026-01-08T02:14:25.615352Z,price_change,0.1100,SELL,-93,0.04,0.0500
2026-01-08T02:14:26.979049Z,price_change,0.03,BUY,-577,0.04,0.0500
2026-01-08T02:14:26.981078Z,price_change,0.0600,SELL,-922,0.04,0.0500
2026-01-08T02:14:26.996577Z,price_change,0.02,BUY,577,0.04,0.0500
2026-01-08T02:14:26.998134Z,price_change,0.0500,SELL,922,0.04,0.0500
2026-01-08T02:14:27.057117Z,price_change,0.0500,SELL,-100,0.04,0.0500
1767838467,last_trade_price,0.05,BUY,100,0.04,0.0500
2026-01-08T02:14:27.281371Z,price_change,0.0500,SELL,-187,0.04,0.0500
1767838467,last_trade_price,0.05,BUY,187,0.04,0.0500
2026-01-08T02:14:27.306922Z,price_change,0.0500,SELL,-142,0.04,0.0500
1767838467,last_trade_price,0.05,BUY,142,0.04,0.0500
2026-01-08T02:14:27.330763Z,price_change,0.0500,SELL,-14,0.04,0.0500
1767838467,last_trade_price,0.05,BUY,14,0.04,0.0500
2026-01-08T02:14:27.718221Z,price_change,0.0600,SELL,2000,0.04,0.0500
2026-01-08T02:14:28.187374Z,price_change,0.02,BUY,-577,0.04,0.0500
2026-01-08T02:14:28.18858Z,price_change,0.0500,SELL,-922,0.04,0.0500
2026-01-08T02:14:28.204204Z,price_change,0.03,BUY,672,0.04,0.0500
2026-01-08T02:14:28.206813Z,price_change,0.0600,SELL,828,0.04,0.0500
2026-01-08T02:14:28.42074Z,price_change,0.0500,SELL,-468,0.04,0.0500
1767838468,last_trade_price,0.05,BUY,468,0.04,0.0500
2026-01-08T02:14:28.435644Z,price_change,0.0500,SELL,-37,0.04,0.0500
1767838468,last_trade_price,0.05,BUY,37,0.04,0.0500
2026-01-08T02:14:28.490091Z,price_change,0.04,BUY,-57,0.03,0.0500
2026-01-08T02:14:28.490091Z,price_change,0.0400,SELL,55,0.03,0.0400
1767838468,last_trade_price,0.96,SELL,57,0.03,0.0400
2026-01-08T02:14:28.504197Z,price_change,0.03,BUY,-672,0.03,0.0400
2026-01-08T02:14:28.507103Z,price_change,0.0600,SELL,-828,0.03,0.0400
2026-01-08T02:14:28.516292Z,price_change,0.02,BUY,-62,0.03,0.0400
2026-01-08T02:14:28.519227Z,price_change,0.02,BUY,672,0.03,0.0400
2026-01-08T02:14:28.52256Z,price_change,0.0500,SELL,828,0.03,0.0400
2026-01-08T02:14:28.607822Z,price_change,0.02,BUY,-672,0.03,0.0400
2026-01-08T02:14:28.609022Z,price_change,0.0500,SELL,-828,0.03,0.0400
2026-01-08T02:14:28.61869Z,price_change,0.03,BUY,837,0.03,0.0400
2026-01-08T02:14:28.621769Z,price_change,0.0600,SELL,663,0.03,0.0400
2026-01-08T02:14:28.72598Z,price_change,0.0700,SELL,589,0.03,0.0400
2026-01-08T02:14:28.728617Z,price_change,0.0400,SELL,-55,0.03,0.0500
1767838468,last_trade_price,0.04,BUY,55,0.03,0.0500
2026-01-08T02:14:28.730159Z,price_change,0.03,BUY,589,0.03,0.0500
2026-01-08T02:14:28.93729Z,price_change,0.0500,SELL,-93,0.03,0.0500
1767838468,last_trade_price,0.05,BUY,93,0.03,0.0500
2026-01-08T02:14:29.039013Z,price_change,0.0900,SELL,-587,0.03,0.0500
2026-01-08T02:14:29.080568Z,price_change,0.0500,SELL,-18,0.03,0.0500
1767838469,last_trade_price,0.05,BUY,18,0.03,0.0500
2026-01-08T02:14:29.122121Z,price_change,0.0500,SELL,-28,0.03,0.0500
1767838469,last_trade_price,0.05,BUY,28,0.03,0.0500
2026-01-08T02:14:29.151291Z,price_change,0.0500,SELL,-56,0.03,0.0500
1767838469,last_trade_price,0.05,BUY,56,0.03,0.0500
2026-01-08T02:14:29.236536Z,price_change,0.0500,SELL,-71,0.03,0.0500
1767838469,last_trade_price,0.05,BUY,71,0.03,0.0500
2026-01-08T02:14:29.354731Z,price_change,0.0600,SELL,-10000,0.03,0.0500
2026-01-08T02:14:29.771366Z,price_change,0.0700,SELL,-589,0.03,0.0500
2026-01-08T02:14:29.774481Z,price_change,0.03,BUY,-589,0.03,0.0500
2026-01-08T02:14:29.803583Z,price_change,0.0700,SELL,-740,0.03,0.0500
2026-01-08T02:14:29.80363Z,price_change,0.0700,SELL,-740,0.03,0.0500
2026-01-08T02:14:29.804739Z,price_change,0.0700,SELL,-740,0.03,0.0500
2026-01-08T02:14:29.83757Z,price_change,0.1000,SELL,740,0.03,0.0500
2026-01-08T02:14:29.838708Z,price_change,0.0800,SELL,740,0.03,0.0500
2026-01-08T02:14:29.851522Z,price_change,0.0900,SELL,740,0.03,0.0500
2026-01-08T02:14:29.918483Z,price_change,0.03,BUY,-150,0.03,0.0500
1767838469,last_trade_price,0.97,SELL,150,0.03,0.0500
2026-01-08T02:14:30.210074Z,price_change,0.2100,SELL,691,0.03,0.0500
2026-01-08T02:14:30.230471Z,price_change,0.02,BUY,691,0.03,0.0500
2026-01-08T02:14:30.341218Z,price_change,0.03,BUY,1279,0.03,0.0500
2026-01-08T02:14:30.462755Z,price_change,0.01,BUY,56,0.03,0.0500
2026-01-08T02:14:30.490422Z,price_change,0.0500,SELL,-222,0.03,0.0500
1767838470,last_trade_price,0.05,BUY,222,0.03,0.0500
2026-01-08T02:14:30.888339Z,price_change,0.0500,SELL,-18,0.03,0.0500
1767838470,last_trade_price,0.05,BUY,18,0.03,0.0500
2026-01-08T02:14:30.956188Z,price_change,0.1500,SELL,5,0.03,0.0500
2026-01-08T02:14:31.311665Z,price_change,0.0500,SELL,-714,0.03,0.0500
1767838471,last_trade_price,0.05,BUY,714,0.03,0.0500
2026-01-08T02:14:31.428757Z,price_change,0.0800,SELL,-740,0.03,0.0500
2026-01-08T02:14:31.430015Z,price_change,0.0800,SELL,-740,0.03,0.0500
2026-01-08T02:14:31.431179Z,price_change,0.0900,SELL,-56,0.03,0.0500
2026-01-08T02:14:31.431783Z,price_change,0.0900,SELL,-740,0.03,0.0500
2026-01-08T02:14:31.432412Z,price_change,0.01,BUY,-56,0.03,0.0500
2026-01-08T02:14:31.432955Z,price_change,0.01,BUY,146,0.03,0.0500
2026-01-08T02:14:31.433282Z,price_change,0.01,BUY,-740,0.03,0.0500
2026-01-08T02:14:31.433329Z,price_change,0.0900,SELL,-740,0.03,0.0500
2026-01-08T02:14:31.433497Z,price_change,0.6100,SELL,2447,0.03,0.0500
2026-01-08T02:14:31.433598Z,price_change,0.1400,SELL,-56,0.03,0.0500
2026-01-08T02:14:31.434071Z,price_change,0.1000,SELL,-740,0.03,0.0500
2026-01-08T02:14:31.434108Z,price_change,0.2900,SELL,-85,0.03,0.0500
2026-01-08T02:14:31.434658Z,price_change,0.4900,SELL,391,0.03,0.0500
2026-01-08T02:14:31.437475Z,price_change,0.02,BUY,-740,0.03,0.0500
2026-01-08T02:14:31.450952Z,price_change,0.03,BUY,97,0.03,0.0500
2026-01-08T02:14:31.514063Z,price_change,0.0700,SELL,1272,0.03,0.0500
2026-01-08T02:14:31.515676Z,price_change,0.0600,SELL,97,0.03,0.0500
2026-01-08T02:14:31.516191Z,price_change,0.0600,SELL,1272,0.03,0.0500
2026-01-08T02:14:31.516634Z,price_change,0.0600,SELL,1272,0.03,0.0500
2026-01-08T02:14:31.51682Z,price_change,0.0900,SELL,146,0.03,0.0500
2026-01-08T02:14:31.516879Z,price_change,0.0600,SELL,97,0.03,0.0500
2026-01-08T02:14:31.516904Z,price_change,0.03,BUY,1272,0.03,0.0500
2026-01-08T02:14:31.517132Z,price_change,0.04,BUY,97,0.04,0.0500
2026-01-08T02:14:31.517281Z,price_change,0.04,BUY,1272,0.04,0.0500
2026-01-08T02:14:31.517556Z,price_change,0.0600,SELL,1272,0.04,0.0500
2026-01-08T02:14:31.518068Z,price_change,0.0700,SELL,1272,0.04,0.0500
2026-01-08T02:14:31.549927Z,price_change,0.0500,SELL,-18,0.04,0.0500
1767838471,last_trade_price,0.05,BUY,18,0.04,0.0500
2026-01-08T02:14:31.635937Z,price_change,0.04,BUY,-97,0.04,0.0500
2026-01-08T02:14:31.635937Z,price_change,0.04,BUY,-3,0.04,0.0500
1767838471,last_trade_price,0.96,SELL,97,0.04,0.0500
1767838471,last_trade_price,0.96,SELL,3,0.04,0.0500
2026-01-08T02:14:31.74464Z,price_change,0.0500,SELL,-357,0.04,0.0500
1767838471,last_trade_price,0.05,BUY,357,0.04,0.0500
2026-01-08T02:14:31.764566Z,price_change,0.0500,SELL,-100,0.04,0.0500
1767838471,last_trade_price,0.05,BUY,100,0.04,0.0500
2026-01-08T02:14:31.787232Z,price_change,0.0500,SELL,2,0.04,0.0500
2026-01-08T02:14:32.048649Z,price_change,0.04,BUY,2500,0.04,0.0500
2026-01-08T02:14:32.129029Z,price_change,0.0500,SELL,-50,0.04,0.0500
2026-01-08T02:14:32.129029Z,price_change,0.0600,SELL,50,0.04,0.0500
2026-01-08T02:14:32.228766Z,price_change,0.04,BUY,50,0.04,0.0500
2026-01-08T02:14:32.301343Z,price_change,0.0500,SELL,-14,0.04,0.0500
1767838472,last_trade_price,0.05,BUY,14,0.04,0.0500
2026-01-08T02:14:32.359085Z,price_change,0.04,BUY,-13,0.04,0.0500
1767838472,last_trade_price,0.96,SELL,13,0.04,0.0500
2026-01-08T02:14:32.507816Z,price_change,0.0800,SELL,10000,0.04,0.0500
2026-01-08T02:14:33.000836Z,price_change,0.2100,SELL,-691,0.04,0.0500
2026-01-08T02:14:33.000836Z,price_change,0.02,BUY,-691,0.04,0.0500
2026-01-08T02:14:33.05719Z,price_change,0.04,BUY,97,0.04,0.0500
2026-01-08T02:14:33.102375Z,price_change,0.04,BUY,20,0.04,0.0500
2026-01-08T02:14:33.11024Z,price_change,0.0500,SELL,-80,0.04,0.0500
1767838473,last_trade_price,0.05,BUY,80,0.04,0.0500
2026-01-08T02:14:33.221941Z,price_change,0.0500,SELL,-18,0.04,0.0500
1767838473,last_trade_price,0.05,BUY,18,0.04,0.0500
2026-01-08T02:14:33.272486Z,price_change,0.0600,SELL,-97,0.04,0.0500
2026-01-08T02:14:33.303589Z,price_change,0.0500,SELL,-375,0.04,0.0500
1767838473,last_trade_price,0.05,BUY,375,0.04,0.0500
2026-01-08T02:14:33.308181Z,price_change,0.0700,SELL,97,0.04,0.0500
2026-01-08T02:14:33.308457Z,price_change,0.8300,SELL,-3,0.04,0.0500
2026-01-08T02:14:33.315102Z,price_change,0.1100,SELL,-1378,0.04,0.0500
2026-01-08T02:14:33.516211Z,price_change,0.04,BUY,-94,0.04,0.0500
1767838473,last_trade_price,0.96,SELL,94,0.04,0.0500
2026-01-08T02:14:33.605947Z,price_change,0.04,BUY,3,0.04,0.0500
2026-01-08T02:14:33.707036Z,price_change,0.04,BUY,-6,0.04,0.0500
1767838473,last_trade_price,0.96,SELL,6,0.04,0.0500
2026-01-08T02:14:34.058764Z,price_change,0.0500,SELL,15,0.04,0.0500
2026-01-08T02:14:34.212024Z,price_change,0.04,BUY,-2,0.04,0.0500
1767838474,last_trade_price,0.96,SELL,2,0.04,0.0500
2026-01-08T02:14:34.40221Z,price_change,0.2800,SELL,170,0.04,0.0500
2026-01-08T02:14:34.429352Z,price_change,0.0500,SELL,-14,0.04,0.0500
1767838474,last_trade_price,0.05,BUY,14,0.04,0.0500
2026-01-08T02:14:34.535013Z,price_change,0.3000,SELL,25000,0.04,0.0500
2026-01-08T02:14:34.540107Z,price_change,0.0500,SELL,-281,0.04,0.0500
1767838474,last_trade_price,0.05,BUY,281,0.04,0.0500
2026-01-08T02:14:34.597698Z,price_change,0.04,BUY,-98,0.04,0.0500
1767838474,last_trade_price,0.96,SELL,98,0.04,0.0500
2026-01-08T02:14:34.909813Z,price_change,0.04,BUY,-50,0.04,0.0500
1767838474,last_trade_price,0.96,SELL,50,0.04,0.0500
2026-01-08T02:14:35.043015Z,price_change,0.0500,SELL,-37,0.04,0.0500
1767838475,last_trade_price,0.05,BUY,37,0.04,0.0500
2026-01-08T02:14:35.073127Z,price_change,0.0600,SELL,-5,0.04,0.0500
2026-01-08T02:14:35.076533Z,price_change,0.0500,SELL,-50,0.04,0.0500
1767838475,last_trade_price,0.05,BUY,50,0.04,0.0500
2026-01-08T02:14:35.135084Z,price_change,0.03,BUY,-1279,0.04,0.0500
2026-01-08T02:14:35.135361Z,price_change,0.0500,SELL,-50,0.04,0.0500
1767838475,last_trade_price,0.05,BUY,50,0.04,0.0500
2026-01-08T02:14:35.200859Z,price_change,0.0500,SELL,-20,0.04,0.0500
1767838475,last_trade_price,0.05,BUY,20,0.04,0.0500
2026-01-08T02:14:35.225261Z,price_change,0.04,BUY,2,0.04,0.0500
2026-01-08T02:14:35.234199Z,price_change,0.0900,SELL,150,0.04,0.0500
2026-01-08T02:14:35.251292Z,price_change,0.04,BUY,150,0.04,0.0500
2026-01-08T02:14:35.251523Z,price_change,0.03,BUY,-837,0.04,0.0500
2026-01-08T02:14:35.252785Z,price_change,0.0600,SELL,-663,0.04,0.0500
2026-01-08T02:14:35.266781Z,price_change,0.04,BUY,837,0.04,0.0500
2026-01-08T02:14:35.271537Z,price_change,0.0700,SELL,663,0.04,0.0500
2026-01-08T02:14:35.324513Z,price_change,0.0500,SELL,-281,0.04,0.0500
1767838475,last_trade_price,0.05,BUY,281,0.04,0.0500
2026-01-08T02:14:35.384407Z,price_change,0.0500,SELL,-714,0.04,0.0500
1767838475,last_trade_price,0.05,BUY,714,0.04,0.0500
2026-01-08T02:14:35.481627Z,price_change,0.3500,SELL,-10,0.04,0.0500
2026-01-08T02:14:35.494935Z,price_change,0.0500,SELL,-735,0.04,0.0500
1767838475,last_trade_price,0.05,BUY,735,0.04,0.0500
2026-01-08T02:14:35.535609Z,price_change,0.04,BUY,-41,0.04,0.0500
1767838475,last_trade_price,0.96,SELL,41,0.04,0.0500
2026-01-08T02:14:35.612937Z,price_change,0.0500,SELL,-500,0.04,0.0500
1767838475,last_trade_price,0.05,BUY,500,0.04,0.0500
2026-01-08T02:14:36.000489Z,price_change,0.04,BUY,1279,0.04,0.0500
2026-01-08T02:14:36.065621Z,price_change,0.0500,SELL,-937,0.04,0.0500
1767838476,last_trade_price,0.05,BUY,937,0.04,0.0500
2026-01-08T02:14:36.076696Z,price_change,0.0500,SELL,-93,0.04,0.0500
1767838476,last_trade_price,0.05,BUY,93,0.04,0.0500
2026-01-08T02:14:36.18703Z,price_change,0.0500,SELL,-18,0.04,0.0500
1767838476,last_trade_price,0.05,BUY,18,0.04,0.0500
2026-01-08T02:14:36.27392Z,price_change,0.04,BUY,-41,0.04,0.0500
1767838476,last_trade_price,0.96,SELL,41,0.04,0.0500
2026-01-08T02:14:36.481242Z,price_change,0.04,BUY,-837,0.04,0.0500
2026-01-08T02:14:36.482369Z,price_change,0.0700,SELL,-663,0.04,0.0500
2026-01-08T02:14:36.495176Z,price_change,0.03,BUY,837,0.04,0.0500
2026-01-08T02:14:36.496402Z,price_change,0.0600,SELL,663,0.04,0.0500
2026-01-08T02:14:36.632832Z,price_change,0.04,BUY,-25,0.04,0.0500
1767838476,last_trade_price,0.96,SELL,25,0.04,0.0500
2026-01-08T02:14:36.693179Z,price_change,0.0500,SELL,-357,0.04,0.0500
1767838476,last_trade_price,0.05,BUY,357,0.04,0.0500
2026-01-08T02:14:36.718057Z,price_change,0.0500,SELL,-283,0.04,0.0500
2026-01-08T02:14:36.718057Z,price_change,0.0500,SELL,-2,0.04,0.0500
2026-01-08T02:14:36.718057Z,price_change,0.0500,SELL,-15,0.04,0.0600
2026-01-08T02:14:36.718057Z,price_change,0.05,BUY,1700,0.05,0.0600
1767838476,last_trade_price,0.05,BUY,283,0.05,0.0600
1767838476,last_trade_price,0.05,BUY,2,0.05,0.0600
1767838476,last_trade_price,0.05,BUY,15,0.05,0.0600
2026-01-08T02:14:36.7322Z,price_change,0.03,BUY,-837,0.05,0.0600
2026-01-08T02:14:36.7355Z,price_change,0.0600,SELL,-663,0.05,0.0600
2026-01-08T02:14:36.747795Z,price_change,0.04,BUY,837,0.05,0.0600
2026-01-08T02:14:36.7508Z,price_change,0.0700,SELL,663,0.05,0.0600
2026-01-08T02:14:36.843859Z,price_change,0.01,BUY,63,0.05,0.0600
2026-01-08T02:14:36.911342Z,price_change,0.0600,SELL,7500,0.05,0.0600
2026-01-08T02:14:37.066531Z,price_change,0.6500,SELL,-40,0.05,0.0600
2026-01-08T02:14:37.066531Z,price_change,0.1800,SELL,40,0.05,0.0600
2026-01-08T02:14:37.108192Z,price_change,0.0600,SELL,-28,0.05,0.0600
2026-01-08T02:14:37.108192Z,price_change,0.0700,SELL,28,0.05,0.0600
2026-01-08T02:14:37.240273Z,price_change,0.0900,SELL,113,0.05,0.0600
2026-01-08T02:14:37.242045Z,price_change,0.05,BUY,36,0.05,0.0600
2026-01-08T02:14:37.256666Z,price_change,0.04,BUY,-150,0.05,0.0600
2026-01-08T02:14:37.25753Z,price_change,0.0900,SELL,-150,0.05,0.0600
2026-01-08T02:14:37.267285Z,price_change,0.05,BUY,-5,0.05,0.0600
1767838477,last_trade_price,0.95,SELL,5,0.05,0.0600
2026-01-08T02:14:38.096299Z,price_change,0.05,BUY,-5,0.05,0.0600
1767838478,last_trade_price,0.95,SELL,5,0.05,0.0600
2026-01-08T02:14:38.225527Z,price_change,0.04,BUY,-2500,0.05,0.0600
2026-01-08T02:14:38.246927Z,price_change,0.03,BUY,2500,0.05,0.0600
2026-01-08T02:14:38.402068Z,price_change,0.0600,SELL,-100,0.05,0.0600
1767838478,last_trade_price,0.06,BUY,100,0.05,0.0600
2026-01-08T02:14:38.769275Z,price_change,0.2200,SELL,-24,0.05,0.0600
2026-01-08T02:14:39.138903Z,price_change,0.0700,SELL,10000,0.05,0.0600
2026-01-08T02:14:39.249051Z,price_change,0.05,BUY,-300,0.05,0.0600
1767838479,last_trade_price,0.95,SELL,300,0.05,0.0600
2026-01-08T02:14:39.301711Z,price_change,0.05,BUY,-64,0.05,0.0600
1767838479,last_trade_price,0.95,SELL,64,0.05,0.0600
2026-01-08T02:14:39.616197Z,price_change,0.0600,SELL,-50,0.05,0.0600
1767838479,last_trade_price,0.06,BUY,50,0.05,0.0600
2026-01-08T02:14:39.79279Z,price_change,0.05,BUY,-202,0.05,0.0600
1767838479,last_trade_price,0.95,SELL,202,0.05,0.0600
2026-01-08T02:14:40.043181Z,price_change,0.03,BUY,-2500,0.05,0.0600
2026-01-08T02:14:40.068331Z,price_change,0.0600,SELL,-7500,0.05,0.0600
2026-01-08T02:14:40.262141Z,price_change,0.03,BUY,20,0.05,0.0600
2026-01-08T02:14:40.341099Z,price_change,0.01,BUY,-146,0.05,0.0600
2026-01-08T02:14:40.341218Z,price_change,0.0900,SELL,-146,0.05,0.0600
2026-01-08T02:14:40.342796Z,price_change,0.0700,SELL,-1272,0.05,0.0600
2026-01-08T02:14:40.343235Z,price_change,0.0700,SELL,-97,0.05,0.0600
2026-01-08T02:14:40.34342Z,price_change,0.6100,SELL,-2447,0.05,0.0600
2026-01-08T02:14:40.343573Z,price_change,0.0800,SELL,-740,0.05,0.0600
2026-01-08T02:14:40.344069Z,price_change,0.03,BUY,-97,0.05,0.0600
