timestamp,event_type,price,side,size,best_bid,best_ask
2025-12-08T03:13:33.255000+00:00,book,0.66,BUY,55.59,0.66,0.69
2025-12-08T03:13:33.255000+00:00,book,0.69,SELL,226.23,0.66,0.69
2025-12-08T03:14:37.381000+00:00,price_change,0.85,SELL,0,0.66,0.69
2025-12-08T03:14:37.381000+00:00,price_change,0.82,SELL,0,0.66,0.69
2025-12-08T03:14:42.490000+00:00,price_change,0.81,SELL,0,0.66,0.69
2025-12-08T03:14:43.189000+00:00,price_change,0.86,SELL,144.4,0.66,0.69
2025-12-08T03:27:19.916000+00:00,book,0.66,BUY,55.59,0.66,0.69
2025-12-08T03:27:19.916000+00:00,book,0.69,SELL,226.23,0.66,0.69
2025-12-08T03:28:23.648000+00:00,price_change,0.66,BUY,32.06,0.66,0.69
2025-12-08T03:28:23.648000+00:00,book,0.66,BUY,32.06,0.66,0.69
2025-12-08T03:28:23.648000+00:00,book,0.69,SELL,226.23,0.66,0.69
2025-12-08T03:28:59.472000+00:00,price_change,0.86,SELL,0,0.66,0.69
2025-12-08T03:28:59.472000+00:00,price_change,0.15,BUY,0,0.66,0.69
2025-12-08T03:28:59.805000+00:00,price_change,0.85,SELL,184.4,0.66,0.69
2025-12-08T03:28:59.827000+00:00,price_change,0.14,BUY,1182,0.66,0.69
2025-12-08T03:29:04.865000+00:00,price_change,0.85,SELL,40,0.66,0.69
2025-12-08T03:29:05.486000+00:00,price_change,0.84,SELL,167.92,0.66,0.69
2025-12-08T03:29:26.627000+00:00,price_change,0.16,BUY,6.97,0.66,0.69
2025-12-08T03:31:52.660000+00:00,book,0.66,BUY,32.06,0.66,0.69
2025-12-08T03:31:52.660000+00:00,book,0.69,SELL,226.23,0.66,0.69
2025-12-08T03:33:25.824000+00:00,price_change,0.16,BUY,6.97,0.66,0.69
2025-12-08T03:33:25.824000+00:00,price_change,0.84,SELL,0,0.66,0.69
2025-12-08T03:33:26.189000+00:00,price_change,0.15,BUY,40,0.66,0.69
2025-12-08T03:33:27.168000+00:00,price_change,0.83,SELL,0,0.66,0.69
2025-12-08T03:33:27.861000+00:00,price_change,0.86,SELL,167.92,0.66,0.69
2025-12-08T03:33:55.933000+00:00,book,0.66,BUY,32.06,0.66,0.69
2025-12-08T03:33:55.933000+00:00,book,0.69,SELL,226.23,0.66,0.69
2025-12-08T03:34:59.602000+00:00,book,0.66,BUY,32.06,0.66,0.69
2025-12-08T03:34:59.602000+00:00,book,0.69,SELL,226.23,0.66,0.69
2025-12-08T03:35:42.605000+00:00,book,0.66,BUY,32.06,0.66,0.69
2025-12-08T03:35:42.605000+00:00,book,0.69,SELL,226.23,0.66,0.69
2025-12-08T03:35:54.377000+00:00,price_change,0.18,BUY,1666,0.66,0.69
2025-12-08T03:35:55.833000+00:00,price_change,0.19,BUY,5.43,0.66,0.69
2025-12-08T03:36:11.436000+00:00,price_change,0.62,BUY,0,0.66,0.69
2025-12-08T03:36:11.437000+00:00,price_change,0.64,BUY,300,0.66,0.69
2025-12-08T03:36:11.472000+00:00,price_change,0.62,BUY,41.61,0.66,0.69
2025-12-08T03:36:11.491000+00:00,price_change,0.63,BUY,1666.64,0.66,0.69
2025-12-08T03:36:11.611000+00:00,price_change,0.53,BUY,20,0.66,0.69
2025-12-08T03:36:21.527000+00:00,price_change,0.63,BUY,1646.64,0.66,0.69
2025-12-08T03:36:31.176000+00:00,price_change,0.54,BUY,20,0.66,0.69
2025-12-08T03:37:55.218000+00:00,price_change,0.86,SELL,0,0.66,0.69
2025-12-08T03:37:55.219000+00:00,price_change,0.17,BUY,0,0.66,0.69
2025-12-08T03:37:55.548000+00:00,price_change,0.85,SELL,207.92,0.66,0.69
2025-12-08T03:37:55.574000+00:00,price_change,0.13,BUY,5040,0.66,0.69
2025-12-08T03:38:21.478000+00:00,price_change,0.85,SELL,40,0.66,0.69
2025-12-08T03:38:22.469000+00:00,price_change,0.84,SELL,167.92,0.66,0.69
2025-12-08T03:38:33.233000+00:00,price_change,0.18,BUY,0,0.66,0.69
2025-12-08T03:39:10.558000+00:00,price_change,0.19,BUY,1583.43,0.66,0.69
2025-12-08T03:39:56.451000+00:00,price_change,0.19,BUY,1578,0.66,0.69
2025-12-08T03:39:56.803000+00:00,price_change,0.15,BUY,7.43,0.66,0.69
2025-12-08T03:46:55.428000+00:00,book,0.66,BUY,32.06,0.66,0.69
2025-12-08T03:46:55.428000+00:00,book,0.69,SELL,226.23,0.66,0.69
2025-12-08T03:48:22.719000+00:00,price_change,0.2,BUY,0,0.66,0.69
2025-12-08T03:49:06.796000+00:00,price_change,0.86,SELL,0,0.66,0.69
2025-12-08T03:49:07.294000+00:00,price_change,0.87,SELL,480.53,0.66,0.69
2025-12-08T03:49:08.758000+00:00,price_change,0.16,BUY,0,0.66,0.69
2025-12-08T03:49:09.103000+00:00,price_change,0.15,BUY,7.43,0.66,0.69
2025-12-08T03:49:10.193000+00:00,price_change,0.17,BUY,6.56,0.66,0.69
2025-12-08T03:50:02.417000+00:00,price_change,0.1,BUY,2400,0.66,0.69
2025-12-08T03:50:02.479000+00:00,price_change,0.1,BUY,0,0.66,0.69
2025-12-08T03:50:02.793000+00:00,price_change,0.14,BUY,0,0.66,0.69
2025-12-08T03:51:23.438000+00:00,price_change,0.13,BUY,5000,0.66,0.69
2025-12-08T03:51:23.781000+00:00,price_change,0.14,BUY,40,0.66,0.69
2025-12-08T03:51:26.540000+00:00,price_change,0.73,SELL,0,0.66,0.69
2025-12-08T03:51:27.699000+00:00,price_change,0.72,SELL,0,0.66,0.69
2025-12-08T03:51:28.329000+00:00,price_change,0.86,SELL,167.92,0.66,0.69
2025-12-08T03:51:28.933000+00:00,price_change,0.73,SELL,154,0.66,0.69
2025-12-08T03:51:32.710000+00:00,price_change,0.86,SELL,0,0.66,0.69
2025-12-08T03:51:33.268000+00:00,price_change,0.72,SELL,167.92,0.66,0.69
2025-12-08T03:51:36.674000+00:00,price_change,0.15,BUY,0,0.66,0.69
2025-12-08T03:51:36.674000+00:00,price_change,0.17,BUY,0,0.66,0.69
2025-12-08T03:51:37.315000+00:00,price_change,0.14,BUY,47.96,0.66,0.69
2025-12-08T03:51:40.897000+00:00,price_change,0.14,BUY,2189.96,0.66,0.69
2025-12-08T03:53:20.994000+00:00,price_change,0.08,BUY,3000,0.66,0.69
2025-12-08T03:53:33.966000+00:00,price_change,0.14,BUY,2149.96,0.66,0.69
2025-12-08T03:53:34.526000+00:00,price_change,0.13,BUY,5040,0.66,0.69
2025-12-08T03:54:15.542000+00:00,price_change,0.14,BUY,2142,0.66,0.69
2025-12-08T03:54:16.167000+00:00,price_change,0.15,BUY,7.43,0.66,0.69
2025-12-08T03:54:17.281000+00:00,price_change,0.14,BUY,3284,0.66,0.69
2025-12-08T03:55:54.119000+00:00,price_change,0.07,BUY,0,0.66,0.69
2025-12-08T03:55:54.119000+00:00,price_change,0.13,BUY,5000,0.66,0.69
2025-12-08T03:55:54.481000+00:00,price_change,0.14,BUY,3324,0.66,0.69
2025-12-08T03:55:54.501000+00:00,price_change,0.08,BUY,3100,0.66,0.69
2025-12-08T03:56:26.474000+00:00,price_change,0.38,BUY,0,0.66,0.69
2025-12-08T03:56:26.527000+00:00,price_change,0.38,BUY,5,0.66,0.69
2025-12-08T03:56:29.098000+00:00,price_change,0.53,BUY,0,0.66,0.69
2025-12-08T03:56:29.283000+00:00,price_change,0.6,BUY,230,0.66,0.69
2025-12-08T03:56:43.744000+00:00,price_change,0.54,BUY,0,0.66,0.69
2025-12-08T03:56:52.193000+00:00,price_change,0.6,BUY,250,0.66,0.69
2025-12-08T03:57:25.232000+00:00,price_change,0.39,BUY,0,0.66,0.69
2025-12-08T03:57:25.320000+00:00,price_change,0.53,BUY,20,0.66,0.69
2025-12-08T03:58:12.330000+00:00,price_change,0.08,BUY,5100,0.66,0.69
2025-12-08T04:01:19.020000+00:00,price_change,0.14,BUY,1182,0.66,0.69
2025-12-08T04:03:11.822000+00:00,price_change,0.98,SELL,300,0.66,0.69
2025-12-08T04:03:11.992000+00:00,price_change,0.97,SELL,5030,0.66,0.69
2025-12-08T04:03:12.344000+00:00,price_change,0.28,BUY,0,0.66,0.69
2025-12-08T04:03:12.502000+00:00,price_change,0.28,BUY,3232,0.66,0.69
2025-12-08T04:03:40.706000+00:00,price_change,0.73,SELL,0,0.66,0.69
2025-12-08T04:03:40.893000+00:00,price_change,0.53,BUY,0,0.66,0.69
2025-12-08T04:03:40.968000+00:00,price_change,0.39,BUY,20,0.66,0.69
2025-12-08T04:03:45.851000+00:00,price_change,0.72,SELL,0,0.66,0.69
2025-12-08T04:03:46.420000+00:00,price_change,0.86,SELL,167.92,0.66,0.69
2025-12-08T04:03:51.540000+00:00,price_change,0.73,SELL,154,0.66,0.69
2025-12-08T04:03:55.549000+00:00,price_change,0.86,SELL,0,0.66,0.69
2025-12-08T04:03:56.101000+00:00,price_change,0.72,SELL,167.92,0.66,0.69
2025-12-08T04:05:22.100000+00:00,price_change,0.98,SELL,0,0.66,0.69
2025-12-08T04:05:22.498000+00:00,price_change,0.97,SELL,5330,0.66,0.69
2025-12-08T04:05:37.731000+00:00,price_change,0.15,BUY,2005.43,0.66,0.69
2025-12-08T04:06:13.446000+00:00,price_change,0.15,BUY,1998,0.66,0.69
2025-12-08T04:06:13.986000+00:00,price_change,0.16,BUY,6.97,0.66,0.69
2025-12-08T04:06:30.516000+00:00,price_change,0.15,BUY,0,0.66,0.69
2025-12-08T04:06:45.018000+00:00,price_change,0.16,BUY,1880.97,0.66,0.69
2025-12-08T04:07:43.446000+00:00,price_change,0.16,BUY,6.97,0.66,0.69
2025-12-08T04:07:52.210000+00:00,price_change,0.6,BUY,230,0.66,0.69
2025-12-08T04:07:52.341000+00:00,price_change,0.53,BUY,20,0.66,0.69
2025-12-08T04:08:00.381000+00:00,price_change,0.64,BUY,310,0.66,0.69
2025-12-08T04:08:02.511000+00:00,price_change,0.95,SELL,0,0.66,0.69
2025-12-08T04:08:03.370000+00:00,price_change,0.97,SELL,5630,0.66,0.69
2025-12-08T04:08:04.452000+00:00,price_change,0.6,BUY,210,0.66,0.69
2025-12-08T04:08:06.490000+00:00,price_change,0.15,BUY,1998,0.66,0.69
2025-12-08T04:08:16.220000+00:00,price_change,0.54,BUY,20,0.66,0.69
2025-12-08T04:08:19.970000+00:00,price_change,0.16,BUY,0,0.66,0.69
2025-12-08T04:08:20.513000+00:00,price_change,0.15,BUY,2005.43,0.66,0.69
2025-12-08T04:08:55.709000+00:00,price_change,0.73,SELL,0,0.66,0.69
2025-12-08T04:08:56.907000+00:00,price_change,0.72,SELL,0,0.66,0.69
2025-12-08T04:08:57.454000+00:00,price_change,0.86,SELL,167.92,0.66,0.69
2025-12-08T04:09:07.698000+00:00,price_change,0.15,BUY,7.43,0.66,0.69
2025-12-08T04:09:08.550000+00:00,price_change,0.73,SELL,154,0.66,0.69
2025-12-08T04:09:11.337000+00:00,price_change,0.86,SELL,0,0.66,0.69
2025-12-08T04:09:11.876000+00:00,price_change,0.72,SELL,167.92,0.66,0.69
2025-12-08T04:09:29.183000+00:00,price_change,0.17,BUY,1764,0.66,0.69
2025-12-08T04:10:39.193000+00:00,price_change,0.02,BUY,300000,0.66,0.69
2025-12-08T04:10:39.193000+00:00,price_change,0.14,BUY,1142,0.66,0.69
2025-12-08T04:10:39.920000+00:00,price_change,0.37,BUY,310,0.66,0.69
2025-12-08T04:10:40.050000+00:00,price_change,0.95,SELL,200,0.66,0.69
2025-12-08T04:10:40.202000+00:00,price_change,0.15,BUY,47.43,0.66,0.69
2025-12-08T04:10:40.238000+00:00,price_change,0.99,SELL,3250,0.66,0.69
2025-12-08T04:10:40.253000+00:00,price_change,0.01,BUY,1001263.51,0.66,0.69
2025-12-08T04:10:40.257000+00:00,price_change,0.05,BUY,400,0.66,0.69
2025-12-08T04:10:48.181000+00:00,price_change,0.15,BUY,40,0.66,0.69
2025-12-08T04:10:48.943000+00:00,price_change,0.18,BUY,5.96,0.66,0.69
2025-12-08T04:13:00.791000+00:00,price_change,0.17,BUY,0,0.66,0.69
2025-12-08T04:13:20.740000+00:00,price_change,0.97,SELL,5330,0.66,0.69
2025-12-08T04:13:20.740000+00:00,price_change,0.99,SELL,2750,0.66,0.69
2025-12-08T04:13:20.740000+00:00,price_change,0.37,BUY,270,0.66,0.69
2025-12-08T04:13:20.740000+00:00,price_change,0.15,BUY,0,0.66,0.69
2025-12-08T04:13:20.740000+00:00,price_change,0.01,BUY,1000763.51,0.66,0.69
2025-12-08T04:13:20.740000+00:00,price_change,0.05,BUY,200,0.66,0.69
2025-12-08T04:13:56.670000+00:00,price_change,0.73,SELL,0,0.66,0.69
2025-12-08T04:13:59.746000+00:00,price_change,0.73,SELL,154,0.66,0.69
2025-12-08T04:14:11.368000+00:00,price_change,0.18,BUY,0,0.66,0.69
2025-12-08T04:14:13.957000+00:00,price_change,0.15,BUY,7.43,0.66,0.69
2025-12-08T04:15:39.909000+00:00,price_change,0.02,BUY,300300,0.66,0.69
2025-12-08T04:15:39.990000+00:00,price_change,0.14,BUY,1182,0.66,0.69
2025-12-08T04:17:13.131000+00:00,price_change,0.39,BUY,0,0.66,0.69
2025-12-08T04:17:13.236000+00:00,price_change,0.39,BUY,20,0.66,0.69
2025-12-08T04:20:02.251000+00:00,price_change,0.08,BUY,2100,0.66,0.69
2025-12-08T04:20:02.379000+00:00,price_change,0.08,BUY,100,0.66,0.69
2025-12-08T04:20:03.053000+00:00,price_change,0.14,BUY,40,0.66,0.69
2025-12-08T04:21:20.189000+00:00,price_change,0.72,SELL,172.92,0.66,0.69
2025-12-08T04:21:20.191000+00:00,price_change,0.73,SELL,0,0.66,0.69
2025-12-08T04:21:25.387000+00:00,price_change,0.72,SELL,182.92,0.66,0.69
2025-12-08T04:21:25.438000+00:00,price_change,0.63,BUY,1656.64,0.66,0.69
2025-12-08T04:21:41.194000+00:00,price_change,0.72,SELL,177.92,0.66,0.69
2025-12-08T04:21:43.018000+00:00,price_change,0.15,BUY,2005.43,0.66,0.69
2025-12-08T04:21:55.324000+00:00,price_change,0.72,SELL,10,0.66,0.69
2025-12-08T04:21:56.198000+00:00,price_change,0.72,SELL,15,0.66,0.69
2025-12-08T04:21:56.307000+00:00,price_change,0.86,SELL,167.92,0.66,0.69
2025-12-08T04:22:17.441000+00:00,price_change,0.15,BUY,7.43,0.66,0.69
2025-12-08T04:22:18.483000+00:00,price_change,0.09,BUY,1776,0.66,0.69
2025-12-08T04:22:35.396000+00:00,price_change,0.15,BUY,0,0.66,0.69
2025-12-08T04:22:36.101000+00:00,price_change,0.16,BUY,6.97,0.66,0.69
2025-12-08T04:22:44.525000+00:00,price_change,0.08,BUY,0,0.66,0.69
2025-12-08T04:22:44.525000+00:00,price_change,0.14,BUY,0,0.66,0.69
2025-12-08T04:22:45.087000+00:00,price_change,0.07,BUY,200,0.66,0.69
2025-12-08T04:22:45.128000+00:00,price_change,0.13,BUY,5040,0.66,0.69
2025-12-08T04:24:17.290000+00:00,price_change,0.14,BUY,1142,0.66,0.69
2025-12-08T04:24:52.058000+00:00,price_change,0.16,BUY,0,0.66,0.69
2025-12-08T04:24:53.275000+00:00,price_change,0.15,BUY,7.43,0.66,0.69
2025-12-08T04:24:59.339000+00:00,price_change,0.87,SELL,440.53,0.66,0.69
2025-12-08T04:24:59.340000+00:00,price_change,0.07,BUY,0,0.66,0.69
2025-12-08T04:24:59.693000+00:00,price_change,0.09,BUY,1876,0.66,0.69
2025-12-08T04:24:59.720000+00:00,price_change,0.86,SELL,207.92,0.66,0.69
2025-12-08T04:25:03.527000+00:00,price_change,0.86,SELL,40,0.66,0.69
2025-12-08T04:25:04.118000+00:00,price_change,0.85,SELL,167.92,0.66,0.69
2025-12-08T04:25:12.837000+00:00,price_change,0.73,SELL,154,0.66,0.69
2025-12-08T04:25:12.839000+00:00,price_change,0.72,SELL,10,0.66,0.69
2025-12-08T04:25:13.456000+00:00,price_change,0.85,SELL,0,0.66,0.69
2025-12-08T04:25:14.092000+00:00,price_change,0.72,SELL,177.92,0.66,0.69
2025-12-08T04:25:38.848000+00:00,price_change,0.09,BUY,4542,0.66,0.69
2025-12-08T04:27:04.880000+00:00,price_change,0.86,SELL,0,0.66,0.69
2025-12-08T04:27:04.880000+00:00,price_change,0.13,BUY,5000,0.66,0.69
2025-12-08T04:27:05.423000+00:00,price_change,0.14,BUY,1182,0.66,0.69
2025-12-08T04:27:05.588000+00:00,price_change,0.85,SELL,40,0.66,0.69
2025-12-08T04:27:36.837000+00:00,price_change,0.38,BUY,0,0.66,0.69
2025-12-08T04:27:36.887000+00:00,price_change,0.38,BUY,5,0.66,0.69
2025-12-08T04:29:13.392000+00:00,price_change,0.53,BUY,0,0.66,0.69
2025-12-08T04:29:13.493000+00:00,price_change,0.55,BUY,20,0.66,0.69
2025-12-08T04:29:17.733000+00:00,price_change,0.54,BUY,0,0.66,0.69
2025-12-08T04:29:17.773000+00:00,price_change,0.85,SELL,0,0.66,0.69
2025-12-08T04:29:18.115000+00:00,price_change,0.87,SELL,480.53,0.66,0.69
2025-12-08T04:29:28.853000+00:00,price_change,0.56,BUY,20,0.66,0.69
2025-12-08T04:30:26.035000+00:00,price_change,0.73,SELL,0,0.66,0.69
2025-12-08T04:30:28.002000+00:00,price_change,0.73,SELL,154,0.66,0.69
2025-12-08T04:30:53.176000+00:00,price_change,0.39,BUY,0,0.66,0.69
2025-12-08T04:30:53.275000+00:00,price_change,0.39,BUY,20,0.66,0.69
2025-12-08T04:31:32.584000+00:00,price_change,0.72,SELL,10,0.65,0.69
2025-12-08T04:31:32.584000+00:00,price_change,0.66,BUY,0,0.65,0.69
2025-12-08T04:31:32.669000+00:00,price_change,0.61,BUY,702,0.65,0.69
2025-12-08T04:31:36.268000+00:00,price_change,0.65,BUY,330.72,0.65,0.69
2025-12-08T04:31:42.183000+00:00,price_change,0.66,BUY,21.76,0.66,0.69
2025-12-08T04:31:42.212000+00:00,price_change,0.61,BUY,633,0.66,0.69
2025-12-08T04:31:46.223000+00:00,price_change,0.65,BUY,300,0.66,0.69
2025-12-08T04:31:52.965000+00:00,price_change,0.15,BUY,2005.43,0.66,0.69
2025-12-08T04:32:10+00:00,price_change,0.64,BUY,300,0.66,0.69
2025-12-08T04:32:11.007000+00:00,price_change,0.64,BUY,310,0.66,0.69
2025-12-08T04:32:19.540000+00:00,price_change,0.72,SELL,0,0.66,0.69
2025-12-08T04:32:19.641000+00:00,price_change,0.73,SELL,164,0.66,0.69
2025-12-08T04:32:46.150000+00:00,price_change,0.15,BUY,7.43,0.66,0.69
2025-12-08T04:33:14.412000+00:00,price_change,0.16,BUY,1874,0.66,0.69
2025-12-08T04:33:25.126000+00:00,price_change,0.72,SELL,167.92,0.66,0.69
2025-12-08T04:33:30.671000+00:00,price_change,0.66,BUY,53.82,0.66,0.69
2025-12-08T04:33:42.195000+00:00,price_change,0.15,BUY,0,0.66,0.69
2025-12-08T04:33:42.906000+00:00,price_change,0.17,BUY,6.56,0.66,0.69
2025-12-08T04:34:09.525000+00:00,price_change,0.63,BUY,1646.64,0.66,0.69
2025-12-08T04:34:09.526000+00:00,price_change,0.73,SELL,154,0.66,0.69
2025-12-08T04:35:14.750000+00:00,price_change,0.16,BUY,0,0.66,0.69
2025-12-08T04:35:38.521000+00:00,price_change,0.15,BUY,1998,0.66,0.69
2025-12-08T04:36:08.585000+00:00,price_change,0.14,BUY,1142,0.66,0.69
2025-12-08T04:36:08.908000+00:00,price_change,0.16,BUY,40,0.66,0.69
2025-12-08T04:36:22.244000+00:00,price_change,0.15,BUY,0,0.66,0.69
2025-12-08T04:36:32.467000+00:00,price_change,0.16,BUY,1914,0.66,0.69
2025-12-08T04:37:33.112000+00:00,price_change,0.16,BUY,40,0.66,0.69
2025-12-08T04:37:56.568000+00:00,price_change,0.15,BUY,1998,0.66,0.69
2025-12-08T04:38:17.677000+00:00,price_change,0.16,BUY,0,0.66,0.69
2025-12-08T04:38:18.005000+00:00,price_change,0.15,BUY,2038,0.66,0.69
2025-12-08T04:39:11.212000+00:00,price_change,0.15,BUY,40,0.66,0.69
2025-12-08T04:39:41.698000+00:00,price_change,0.16,BUY,1874,0.66,0.69
2025-12-08T04:39:42.172000+00:00,price_change,0.73,SELL,0,0.66,0.69
2025-12-08T04:39:44.297000+00:00,price_change,0.73,SELL,154,0.66,0.69
2025-12-08T04:40:12.420000+00:00,price_change,0.17,BUY,0,0.66,0.69
2025-12-08T04:40:12.995000+00:00,price_change,0.16,BUY,1880.97,0.66,0.69
2025-12-08T04:40:26.212000+00:00,price_change,0.16,BUY,6.97,0.66,0.69
2025-12-08T04:40:43.635000+00:00,price_change,0.15,BUY,2038,0.66,0.69
2025-12-08T04:40:53.419000+00:00,price_change,0.73,SELL,0,0.66,0.69
2025-12-08T04:40:55.300000+00:00,price_change,0.73,SELL,154,0.66,0.69
2025-12-08T04:42:40.304000+00:00,price_change,0.15,BUY,1998,0.66,0.69
2025-12-08T04:42:40.671000+00:00,price_change,0.14,BUY,1182,0.66,0.69
2025-12-08T04:43:21.628000+00:00,price_change,0.97,SELL,300,0.66,0.69
2025-12-08T04:43:21.798000+00:00,price_change,0.96,SELL,3798,0.66,0.69
2025-12-08T04:43:22.110000+00:00,price_change,0.28,BUY,0,0.66,0.69
2025-12-08T04:43:22.276000+00:00,price_change,0.28,BUY,3225,0.66,0.69
2025-12-08T04:43:29.516000+00:00,price_change,0.66,BUY,32.06,0.66,0.69
2025-12-08T04:44:33.181000+00:00,price_change,0.39,BUY,0,0.66,0.69
2025-12-08T04:44:33.409000+00:00,price_change,0.39,BUY,20,0.66,0.69
2025-12-08T04:44:49.479000+00:00,price_change,0.14,BUY,1142,0.66,0.69
2025-12-08T04:44:49.809000+00:00,price_change,0.15,BUY,2038,0.66,0.69
2025-12-08T04:46:13.425000+00:00,price_change,0.73,SELL,0,0.66,0.69
2025-12-08T04:46:15.297000+00:00,price_change,0.73,SELL,154,0.66,0.69
2025-12-08T04:46:28.025000+00:00,price_change,0.15,BUY,40,0.66,0.69
2025-12-08T04:46:52.096000+00:00,price_change,0.16,BUY,1880.97,0.66,0.69
2025-12-08T04:46:58.250000+00:00,price_change,0.97,SELL,0,0.66,0.69
2025-12-08T04:46:58.555000+00:00,price_change,0.96,SELL,4098,0.66,0.69
2025-12-08T04:47:25.538000+00:00,price_change,0.16,BUY,6.97,0.66,0.69
2025-12-08T04:47:42.823000+00:00,price_change,0.15,BUY,2038,0.66,0.69
2025-12-08T04:48:29.942000+00:00,price_change,0.15,BUY,40,0.66,0.69
2025-12-08T04:48:40.910000+00:00,price_change,0.17,BUY,1764,0.66,0.69
2025-12-08T04:49:07.271000+00:00,price_change,0.15,BUY,0,0.66,0.69
2025-12-08T04:49:07.585000+00:00,price_change,0.16,BUY,46.97,0.66,0.69
2025-12-08T04:49:25.550000+00:00,price_change,0.55,BUY,0,0.66,0.69
2025-12-08T04:49:25.662000+00:00,price_change,0.57,BUY,20,0.66,0.69
2025-12-08T04:49:51.410000+00:00,price_change,0.56,BUY,0,0.66,0.69
2025-12-08T04:50:02.525000+00:00,price_change,0.09,BUY,2766,0.66,0.69
2025-12-08T04:50:02.546000+00:00,price_change,0.58,BUY,20,0.66,0.69
2025-12-08T04:50:02.582000+00:00,price_change,0.14,BUY,0,0.66,0.69
2025-12-08T04:50:02.641000+00:00,price_change,0.09,BUY,100,0.66,0.69
2025-12-08T04:50:02.732000+00:00,price_change,0.73,SELL,0,0.66,0.69
2025-12-08T04:50:04.541000+00:00,price_change,0.72,SELL,0,0.66,0.69
2025-12-08T04:50:05.334000+00:00,price_change,0.86,SELL,167.92,0.66,0.69
2025-12-08T04:50:51.590000+00:00,price_change,0.16,BUY,40,0.66,0.69
2025-12-08T04:50:52.709000+00:00,price_change,0.18,BUY,5.96,0.66,0.69
2025-12-08T04:51:24.604000+00:00,price_change,0.16,BUY,0,0.66,0.69
2025-12-08T04:51:24.948000+00:00,price_change,0.17,BUY,1804,0.66,0.69
2025-12-08T04:53:07.518000+00:00,price_change,0.17,BUY,40,0.66,0.69
2025-12-08T04:53:29.168000+00:00,price_change,0.87,SELL,440.53,0.66,0.69
2025-12-08T04:53:29.169000+00:00,price_change,0.09,BUY,0,0.66,0.69
2025-12-08T04:53:29.546000+00:00,price_change,0.86,SELL,207.92,0.66,0.69
2025-12-08T04:53:29.589000+00:00,price_change,0.07,BUY,200,0.66,0.69
2025-12-08T04:53:34.592000+00:00,price_change,0.86,SELL,40,0.66,0.69
2025-12-08T04:53:35.212000+00:00,price_change,0.85,SELL,167.92,0.66,0.69
2025-12-08T04:54:01.127000+00:00,price_change,0.1,BUY,2400,0.66,0.69
2025-12-08T04:54:06.986000+00:00,price_change,0.1,BUY,4000,0.66,0.69
2025-12-08T04:54:24.951000+00:00,price_change,0.14,BUY,1142,0.66,0.69
2025-12-08T04:55:40.549000+00:00,price_change,0.14,BUY,3284,0.66,0.69
2025-12-08T04:55:52.034000+00:00,price_change,0.86,SELL,0,0.66,0.69
2025-12-08T04:55:52.034000+00:00,price_change,0.17,BUY,0,0.66,0.69
2025-12-08T04:55:52.616000+00:00,price_change,0.13,BUY,5040,0.66,0.69
2025-12-08T04:55:52.639000+00:00,price_change,0.85,SELL,207.92,0.66,0.69
2025-12-08T04:55:54.373000+00:00,price_change,0.85,SELL,40,0.66,0.69
2025-12-08T04:55:55.074000+00:00,price_change,0.84,SELL,167.92,0.66,0.69
2025-12-08T04:58:04.591000+00:00,price_change,0.18,BUY,0,0.66,0.69
2025-12-08T04:58:04.805000+00:00,price_change,0.39,BUY,0,0.66,0.69
2025-12-08T04:58:04.869000+00:00,price_change,0.53,BUY,30,0.66,0.69
2025-12-08T04:58:05.471000+00:00,price_change,0.15,BUY,7.43,0.66,0.69
2025-12-08T04:58:11.477000+00:00,price_change,0.13,BUY,5000,0.66,0.69
2025-12-08T04:58:11.477000+00:00,price_change,0.85,SELL,0,0.66,0.69
2025-12-08T04:58:11.875000+00:00,price_change,0.84,SELL,207.92,0.66,0.69
2025-12-08T04:58:11.905000+00:00,price_change,0.14,BUY,3324,0.66,0.69
2025-12-08T04:58:13.602000+00:00,price_change,0.84,SELL,40,0.66,0.69
2025-12-08T04:58:14.369000+00:00,price_change,0.83,SELL,167.92,0.66,0.69
2025-12-08T04:58:16.663000+00:00,price_change,0.38,BUY,0,0.66,0.69
2025-12-08T04:58:16.708000+00:00,price_change,0.38,BUY,5,0.66,0.69
2025-12-08T05:00:09.001000+00:00,price_change,0.64,BUY,300,0.66,0.69
2025-12-08T05:00:11.008000+00:00,price_change,0.64,BUY,310,0.66,0.69
2025-12-08T05:00:42.768000+00:00,price_change,0.84,SELL,0,0.66,0.69
2025-12-08T05:01:02.233000+00:00,price_change,0.83,SELL,0,0.66,0.69
2025-12-08T05:01:03.169000+00:00,price_change,0.86,SELL,167.92,0.66,0.69
2025-12-08T05:05:18.206000+00:00,price_change,0.86,SELL,207.92,0.66,0.69
2025-12-08T05:05:19.093000+00:00,price_change,0.86,SELL,40,0.66,0.69
2025-12-08T05:05:19.723000+00:00,price_change,0.85,SELL,167.92,0.66,0.69
2025-12-08T05:06:43.783000+00:00,price_change,0.14,BUY,1182,0.66,0.69
2025-12-08T05:07:41.575000+00:00,price_change,0.86,SELL,0,0.66,0.69
2025-12-08T05:07:41.883000+00:00,price_change,0.85,SELL,207.92,0.66,0.69
2025-12-08T05:07:45.258000+00:00,price_change,0.85,SELL,40,0.66,0.69
2025-12-08T05:07:46.029000+00:00,price_change,0.84,SELL,167.92,0.66,0.69
2025-12-08T05:09:49.030000+00:00,price_change,0.57,BUY,0,0.66,0.69
2025-12-08T05:09:49.205000+00:00,price_change,0.6,BUY,230,0.66,0.69
2025-12-08T05:10:09.958000+00:00,price_change,0.85,SELL,0,0.66,0.69
2025-12-08T05:10:10.302000+00:00,price_change,0.84,SELL,207.92,0.66,0.69
2025-12-08T05:10:13.246000+00:00,price_change,0.84,SELL,40,0.66,0.69
2025-12-08T05:10:13.913000+00:00,price_change,0.83,SELL,167.92,0.66,0.69
2025-12-08T05:10:43.867000+00:00,price_change,0.15,BUY,2005.43,0.66,0.69
2025-12-08T05:11:22.260000+00:00,price_change,0.15,BUY,7.43,0.66,0.69
2025-12-08T05:11:37.496000+00:00,price_change,0.58,BUY,0,0.66,0.69
2025-12-08T05:11:37.554000+00:00,price_change,0.53,BUY,0,0.66,0.69
2025-12-08T05:11:37.879000+00:00,price_change,0.53,BUY,30,0.66,0.69
2025-12-08T05:11:47.171000+00:00,price_change,0.16,BUY,1874,0.66,0.69
2025-12-08T05:11:55.127000+00:00,price_change,0.6,BUY,250,0.66,0.69
2025-12-08T05:12:34.165000+00:00,price_change,0.84,SELL,0,0.66,0.69
2025-12-08T05:12:37.685000+00:00,price_change,0.83,SELL,0,0.66,0.69
2025-12-08T05:12:38.251000+00:00,price_change,0.86,SELL,167.92,0.66,0.69
2025-12-08T05:13:41.877000+00:00,price_change,0.16,BUY,0,0.66,0.69
2025-12-08T05:14:07.776000+00:00,price_change,0.15,BUY,2005.43,0.66,0.69
2025-12-08T05:14:49.955000+00:00,price_change,0.14,BUY,1142,0.66,0.69
2025-12-08T05:14:50.276000+00:00,price_change,0.86,SELL,207.92,0.66,0.69
2025-12-08T05:14:50.282000+00:00,price_change,0.16,BUY,40,0.66,0.69
2025-12-08T05:14:52.601000+00:00,price_change,0.86,SELL,40,0.66,0.69
2025-12-08T05:14:53.280000+00:00,price_change,0.85,SELL,167.92,0.66,0.69
2025-12-08T05:15:01.606000+00:00,price_change,0.15,BUY,7.43,0.66,0.69
2025-12-08T05:15:17.037000+00:00,price_change,0.15,BUY,0,0.66,0.69
2025-12-08T05:15:18.837000+00:00,price_change,0.17,BUY,6.56,0.66,0.69
2025-12-08T05:15:57.513000+00:00,price_change,0.17,BUY,1770.56,0.66,0.69
2025-12-08T05:16:31.060000+00:00,price_change,0.17,BUY,6.56,0.66,0.69
2025-12-08T05:17:02.830000+00:00,price_change,0.15,BUY,1998,0.66,0.69
2025-12-08T05:17:04.916000+00:00,price_change,0.16,BUY,0,0.66,0.69
2025-12-08T05:17:04.916000+00:00,price_change,0.86,SELL,0,0.66,0.69
2025-12-08T05:17:05.238000+00:00,price_change,0.15,BUY,2038,0.66,0.69
2025-12-08T05:17:05.249000+00:00,price_change,0.85,SELL,207.92,0.66,0.69
2025-12-08T05:17:09.337000+00:00,price_change,0.85,SELL,40,0.66,0.69
2025-12-08T05:17:10.044000+00:00,price_change,0.84,SELL,167.92,0.66,0.69
2025-12-08T05:18:22.779000+00:00,price_change,0.17,BUY,0,0.66,0.69
2025-12-08T05:18:23.880000+00:00,price_change,0.16,BUY,6.97,0.66,0.69
2025-12-08T05:19:25.651000+00:00,price_change,0.85,SELL,0,0.66,0.69
2025-12-08T05:19:25.996000+00:00,price_change,0.84,SELL,207.92,0.66,0.69
2025-12-08T05:19:28.332000+00:00,price_change,0.84,SELL,40,0.66,0.69
2025-12-08T05:19:29.157000+00:00,price_change,0.83,SELL,167.92,0.66,0.69
2025-12-08T05:20:02.786000+00:00,price_change,0.1,BUY,1600,0.66,0.69
2025-12-08T05:20:02.894000+00:00,price_change,0.1,BUY,0,0.66,0.69
2025-12-08T05:20:03.030000+00:00,price_change,0.14,BUY,0,0.66,0.69
2025-12-08T05:21:01.302000+00:00,price_change,0.15,BUY,40,0.66,0.69
2025-12-08T05:21:40.735000+00:00,price_change,0.84,SELL,0,0.66,0.69
2025-12-08T05:21:46.209000+00:00,price_change,0.83,SELL,0,0.66,0.69
2025-12-08T05:21:46.953000+00:00,price_change,0.86,SELL,167.92,0.66,0.69
2025-12-08T05:21:47.130000+00:00,price_change,0.16,BUY,1880.97,0.66,0.69
2025-12-08T05:22:39.824000+00:00,price_change,0.08,BUY,2000,0.66,0.69
2025-12-08T05:22:47.578000+00:00,price_change,0.96,SELL,300,0.66,0.69
2025-12-08T05:22:47.742000+00:00,price_change,0.98,SELL,3043,0.66,0.69
2025-12-08T05:22:48.032000+00:00,price_change,0.28,BUY,0,0.66,0.69
2025-12-08T05:22:48.208000+00:00,price_change,0.28,BUY,3227,0.66,0.69
2025-12-08T05:23:03.274000+00:00,price_change,0.16,BUY,1874,0.66,0.69
2025-12-08T05:23:04.248000+00:00,price_change,0.17,BUY,6.56,0.66,0.69
2025-12-08T05:23:11.726000+00:00,price_change,0.66,BUY,0,0.65,0.69
2025-12-08T05:23:11.726000+00:00,price_change,0.86,SELL,0,0.65,0.69
2025-12-08T05:23:11.829000+00:00,price_change,0.61,BUY,731.56,0.65,0.69
2025-12-08T05:23:18.796000+00:00,price_change,0.66,BUY,16.56,0.66,0.69
2025-12-08T05:23:18.827000+00:00,price_change,0.61,BUY,633,0.66,0.69
2025-12-08T05:23:58.555000+00:00,price_change,0.15,BUY,0,0.66,0.69
2025-12-08T05:23:58.890000+00:00,price_change,0.16,BUY,1914,0.66,0.69
2025-12-08T05:23:58.925000+00:00,price_change,0.86,SELL,40,0.66,0.69
2025-12-08T05:24:23.127000+00:00,price_change,0.16,BUY,2914,0.66,0.69
2025-12-08T05:25:04.789000+00:00,price_change,0.85,SELL,167.92,0.66,0.69
2025-12-08T05:25:09.265000+00:00,price_change,0.66,BUY,48.62,0.66,0.69
2025-12-08T05:25:09.393000+00:00,price_change,0.53,BUY,0,0.66,0.69
2025-12-08T05:25:09.469000+00:00,price_change,0.53,BUY,30,0.66,0.69
2025-12-08T05:25:53.332000+00:00,price_change,0.16,BUY,1040,0.66,0.69
2025-12-08T05:26:01.478000+00:00,price_change,0.96,SELL,0,0.66,0.69
2025-12-08T05:26:01.478000+00:00,price_change,0.86,SELL,0,0.66,0.69
2025-12-08T05:26:01.479000+00:00,price_change,0.07,BUY,0,0.66,0.69
2025-12-08T05:26:01.801000+00:00,price_change,0.98,SELL,3343,0.66,0.69
2025-12-08T05:26:01.812000+00:00,price_change,0.08,BUY,2100,0.66,0.69
2025-12-08T05:26:01.818000+00:00,price_change,0.87,SELL,480.53,0.66,0.69
2025-12-08T05:26:05.403000+00:00,price_change,0.85,SELL,0,0.66,0.69
2025-12-08T05:26:05.997000+00:00,price_change,0.86,SELL,167.92,0.66,0.69
2025-12-08T05:27:08.834000+00:00,price_change,0.08,BUY,5100,0.66,0.69
2025-12-08T05:27:16.347000+00:00,price_change,0.14,BUY,2142,0.66,0.69
2025-12-08T05:28:08+00:00,price_change,0.64,BUY,300,0.66,0.69
2025-12-08T05:28:08.620000+00:00,price_change,0.87,SELL,440.53,0.66,0.69
2025-12-08T05:28:08.980000+00:00,price_change,0.86,SELL,207.92,0.66,0.69
2025-12-08T05:28:11.297000+00:00,price_change,0.64,BUY,310,0.66,0.69
2025-12-08T05:28:13.444000+00:00,price_change,0.86,SELL,40,0.66,0.69
2025-12-08T05:28:14.087000+00:00,price_change,0.85,SELL,167.92,0.66,0.69
2025-12-08T05:29:16.120000+00:00,price_change,0.38,BUY,0,0.66,0.69
2025-12-08T05:29:16.166000+00:00,price_change,0.38,BUY,5,0.66,0.69
2025-12-08T05:29:24.406000+00:00,price_change,0.66,BUY,32.06,0.66,0.69
2025-12-08T05:29:31.724000+00:00,price_change,0.14,BUY,0,0.66,0.69
2025-12-08T05:30:23.610000+00:00,price_change,0.86,SELL,0,0.66,0.69
2025-12-08T05:30:24.003000+00:00,price_change,0.85,SELL,207.92,0.66,0.69
2025-12-08T05:30:25.559000+00:00,price_change,0.85,SELL,40,0.66,0.69
2025-12-08T05:30:26.238000+00:00,price_change,0.84,SELL,167.92,0.66,0.69
2025-12-08T05:30:38.544000+00:00,price_change,0.17,BUY,1770.56,0.66,0.69
2025-12-08T05:32:28.653000+00:00,price_change,0.17,BUY,1764,0.66,0.69
2025-12-08T05:32:29.156000+00:00,price_change,0.18,BUY,5.96,0.66,0.69
2025-12-08T05:32:35.976000+00:00,price_change,0.85,SELL,0,0.66,0.69
2025-12-08T05:32:36.358000+00:00,price_change,0.84,SELL,207.92,0.66,0.69
2025-12-08T05:32:41.545000+00:00,price_change,0.84,SELL,40,0.66,0.69
2025-12-08T05:32:42.296000+00:00,price_change,0.83,SELL,167.92,0.66,0.69
2025-12-08T05:34:50.327000+00:00,price_change,0.84,SELL,0,0.66,0.69
2025-12-08T05:34:50.328000+00:00,price_change,0.16,BUY,1000,0.66,0.69
2025-12-08T05:34:50.971000+00:00,price_change,0.17,BUY,1804,0.66,0.69
2025-12-08T05:34:55.121000+00:00,price_change,0.83,SELL,0,0.66,0.69
2025-12-08T05:34:55.785000+00:00,price_change,0.86,SELL,167.92,0.66,0.69
2025-12-08T05:37:02.135000+00:00,price_change,0.86,SELL,207.92,0.66,0.69
2025-12-08T05:37:02.823000+00:00,price_change,0.86,SELL,40,0.66,0.69
2025-12-08T05:37:03.538000+00:00,price_change,0.85,SELL,167.92,0.66,0.69
2025-12-08T05:38:40.848000+00:00,price_change,0.53,BUY,0,0.66,0.69
2025-12-08T05:38:40.927000+00:00,price_change,0.53,BUY,30,0.66,0.69
2025-12-08T05:39:03.039000+00:00,price_change,0.86,SELL,0,0.66,0.69
2025-12-08T05:39:03.509000+00:00,price_change,0.85,SELL,207.92,0.66,0.69
2025-12-08T05:39:04.743000+00:00,price_change,0.85,SELL,40,0.66,0.69
2025-12-08T05:39:05.512000+00:00,price_change,0.84,SELL,167.92,0.66,0.69
2025-12-08T05:40:34.089000+00:00,price_change,0.73,SELL,160,0.66,0.69
2025-12-08T05:40:34.091000+00:00,price_change,0.62,BUY,1611.61,0.66,0.69
2025-12-08T05:40:34.093000+00:00,price_change,0.73,SELL,252,0.66,0.69
2025-12-08T05:40:34.323000+00:00,price_change,0.37,BUY,40,0.66,0.69
2025-12-08T05:40:34.493000+00:00,price_change,0.6,BUY,270,0.66,0.69
2025-12-08T05:40:36.340000+00:00,price_change,0.84,SELL,0,0.66,0.69
2025-12-08T05:40:36.957000+00:00,price_change,0.72,SELL,167.92,0.66,0.69
2025-12-08T05:40:57.126000+00:00,price_change,0.53,BUY,0,0.66,0.69
2025-12-08T05:40:57.379000+00:00,price_change,0.39,BUY,30,0.66,0.69
2025-12-08T05:41:06.263000+00:00,price_change,0.85,SELL,0,0.66,0.69
2025-12-08T05:41:06.945000+00:00,price_change,0.84,SELL,40,0.66,0.69
2025-12-08T05:41:13.485000+00:00,price_change,0.62,BUY,3128.61,0.66,0.69
2025-12-08T05:41:13.491000+00:00,price_change,0.62,BUY,1558.61,0.66,0.69
2025-12-08T05:41:13.616000+00:00,price_change,0.39,BUY,0,0.66,0.69
2025-12-08T05:41:13.713000+00:00,price_change,0.63,BUY,1699.64,0.66,0.69
2025-12-08T05:41:13.715000+00:00,price_change,0.62,BUY,41.61,0.66,0.69
2025-12-08T05:41:13.793000+00:00,price_change,0.6,BUY,250,0.66,0.69
2025-12-08T05:41:13.865000+00:00,price_change,0.53,BUY,20,0.66,0.69
2025-12-08T05:41:13.895000+00:00,price_change,0.53,BUY,50,0.66,0.69
2025-12-08T05:41:30.647000+00:00,price_change,0.6,BUY,230,0.66,0.69
2025-12-08T05:41:39.970000+00:00,price_change,0.54,BUY,20,0.66,0.69
2025-12-08T05:42:53.673000+00:00,price_change,0.73,SELL,160,0.66,0.69
2025-12-08T05:42:53.675000+00:00,price_change,0.73,SELL,0,0.66,0.69
2025-12-08T05:42:53.675000+00:00,price_change,0.63,BUY,1646.64,0.66,0.69
2025-12-08T05:42:55.495000+00:00,price_change,0.72,SELL,0,0.66,0.69
2025-12-08T05:42:56.159000+00:00,price_change,0.83,SELL,167.92,0.66,0.69
2025-12-08T05:43:09.080000+00:00,price_change,0.73,SELL,92,0.66,0.69
2025-12-08T05:43:09.082000+00:00,price_change,0.73,SELL,252,0.66,0.69
2025-12-08T05:43:09.100000+00:00,price_change,0.62,BUY,1611.61,0.66,0.69
2025-12-08T05:43:09.159000+00:00,price_change,0.53,BUY,20,0.66,0.69
2025-12-08T05:43:09.365000+00:00,price_change,0.39,BUY,30,0.66,0.69
2025-12-08T05:43:10.270000+00:00,price_change,0.83,SELL,0,0.66,0.69
2025-12-08T05:43:10.865000+00:00,price_change,0.72,SELL,167.92,0.66,0.69
2025-12-08T05:43:16.558000+00:00,price_change,0.84,SELL,0,0.66,0.69
2025-12-08T05:43:16.558000+00:00,price_change,0.37,BUY,0,0.66,0.69
2025-12-08T05:43:16.766000+00:00,price_change,0.17,BUY,40,0.66,0.69
2025-12-08T05:43:16.927000+00:00,price_change,0.36,BUY,2040,0.66,0.69
2025-12-08T05:43:16.942000+00:00,price_change,0.87,SELL,480.53,0.66,0.69
2025-12-08T05:44:05.204000+00:00,price_change,0.62,BUY,41.61,0.66,0.69
2025-12-08T05:44:05.204000+00:00,price_change,0.73,SELL,92,0.66,0.69
2025-12-08T05:44:05.205000+00:00,price_change,0.73,SELL,0,0.66,0.69
2025-12-08T05:44:05.944000+00:00,price_change,0.72,SELL,0,0.66,0.69
2025-12-08T05:44:06.620000+00:00,price_change,0.86,SELL,167.92,0.66,0.69
2025-12-08T05:44:12.651000+00:00,price_change,0.62,BUY,1611.61,0.66,0.69
2025-12-08T05:44:12.652000+00:00,price_change,0.73,SELL,160,0.66,0.69
2025-12-08T05:44:12.653000+00:00,price_change,0.73,SELL,252,0.66,0.69
2025-12-08T05:44:15.862000+00:00,price_change,0.86,SELL,0,0.66,0.69
2025-12-08T05:44:16.828000+00:00,price_change,0.72,SELL,167.92,0.66,0.69
2025-12-08T05:44:40.845000+00:00,price_change,0.73,SELL,160,0.66,0.69
2025-12-08T05:44:40.847000+00:00,price_change,0.62,BUY,41.61,0.66,0.69
2025-12-08T05:44:40.847000+00:00,price_change,0.73,SELL,0,0.66,0.69
2025-12-08T05:44:42.771000+00:00,price_change,0.72,SELL,0,0.66,0.69
2025-12-08T05:44:43.560000+00:00,price_change,0.86,SELL,167.92,0.66,0.69
2025-12-08T05:45:06.527000+00:00,price_change,0.73,SELL,92,0.66,0.69
2025-12-08T05:45:06.528000+00:00,price_change,0.63,BUY,1699.64,0.66,0.69
2025-12-08T05:45:06.531000+00:00,price_change,0.73,SELL,252,0.66,0.69
2025-12-08T05:45:08.471000+00:00,price_change,0.86,SELL,0,0.66,0.69
2025-12-08T05:45:09.424000+00:00,price_change,0.72,SELL,167.92,0.66,0.69
2025-12-08T05:45:15.560000+00:00,price_change,0.73,SELL,160,0.66,0.69
2025-12-08T05:45:15.561000+00:00,price_change,0.73,SELL,0,0.66,0.69
2025-12-08T05:45:15.561000+00:00,price_change,0.63,BUY,1646.64,0.66,0.69
2025-12-08T05:45:19.179000+00:00,price_change,0.72,SELL,0,0.66,0.69
2025-12-08T05:45:19.900000+00:00,price_change,0.86,SELL,167.92,0.66,0.69
2025-12-08T05:45:20.863000+00:00,price_change,0.73,SELL,92,0.66,0.69
2025-12-08T05:45:20.868000+00:00,price_change,0.63,BUY,1699.64,0.66,0.69
2025-12-08T05:45:20.870000+00:00,price_change,0.73,SELL,252,0.66,0.69
2025-12-08T05:45:22.447000+00:00,price_change,0.17,BUY,0,0.66,0.69
2025-12-08T05:45:22.809000+00:00,price_change,0.16,BUY,1040,0.66,0.69
2025-12-08T05:45:24.424000+00:00,price_change,0.86,SELL,0,0.66,0.69
2025-12-08T05:45:25.102000+00:00,price_change,0.72,SELL,167.92,0.66,0.69
2025-12-08T05:47:24.787000+00:00,price_change,0.53,BUY,0,0.66,0.69
2025-12-08T05:47:24.952000+00:00,price_change,0.55,BUY,20,0.66,0.69
2025-12-08T05:48:04.634000+00:00,price_change,0.18,BUY,0,0.66,0.69
2025-12-08T05:48:05.051000+00:00,price_change,0.17,BUY,6.56,0.66,0.69
2025-12-08T05:48:40.506000+00:00,price_change,0.62,BUY,1558.61,0.66,0.69
2025-12-08T05:48:40.511000+00:00,price_change,0.63,BUY,1646.64,0.66,0.69
2025-12-08T05:48:40.705000+00:00,price_change,0.62,BUY,41.61,0.66,0.69
2025-12-08T05:48:40.713000+00:00,price_change,0.62,BUY,1611.61,0.66,0.69
2025-12-08T05:48:58.093000+00:00,price_change,0.17,BUY,1770.56,0.66,0.69
2025-12-08T05:49:03.953000+00:00,price_change,0.54,BUY,0,0.66,0.69
2025-12-08T05:49:14.885000+00:00,price_change,0.6,BUY,250,0.66,0.69
2025-12-08T05:49:20.749000+00:00,price_change,0.62,BUY,41.61,0.66,0.69
2025-12-08T05:49:20.749000+00:00,price_change,0.73,SELL,92,0.66,0.69
2025-12-08T05:49:20.750000+00:00,price_change,0.73,SELL,0,0.66,0.69
2025-12-08T05:49:24.994000+00:00,price_change,0.72,SELL,0,0.66,0.69
2025-12-08T05:49:25.621000+00:00,price_change,0.86,SELL,167.92,0.66,0.69
2025-12-08T05:49:43.024000+00:00,price_change,0.73,SELL,92,0.66,0.69
2025-12-08T05:49:43.025000+00:00,price_change,0.62,BUY,1611.61,0.66,0.69
2025-12-08T05:49:43.043000+00:00,price_change,0.73,SELL,252,0.66,0.69
2025-12-08T05:49:45.641000+00:00,price_change,0.86,SELL,0,0.66,0.69
2025-12-08T05:49:46.418000+00:00,price_change,0.72,SELL,167.92,0.66,0.69
2025-12-08T05:50:02.227000+00:00,price_change,0.16,BUY,40,0.66,0.69
2025-12-08T05:50:02.355000+00:00,price_change,0.08,BUY,3100,0.66,0.69
2025-12-08T05:50:02.355000+00:00,price_change,0.08,BUY,100,0.66,0.69
2025-12-08T05:50:21.624000+00:00,price_change,0.62,BUY,41.61,0.66,0.69
2025-12-08T05:50:21.625000+00:00,price_change,0.62,BUY,1558.61,0.66,0.69
2025-12-08T05:50:21.823000+00:00,price_change,0.62,BUY,41.61,0.66,0.69
2025-12-08T05:50:21.827000+00:00,price_change,0.63,BUY,1699.64,0.66,0.69
2025-12-08T05:50:30.207000+00:00,price_change,0.17,BUY,1764,0.66,0.69
2025-12-08T05:50:30.801000+00:00,price_change,0.18,BUY,5.96,0.66,0.69
2025-12-08T05:50:31.459000+00:00,price_change,0.18,BUY,11.92,0.66,0.69
2025-12-08T05:50:36.722000+00:00,price_change,0.6,BUY,230,0.66,0.69
2025-12-08T05:50:46.562000+00:00,price_change,0.56,BUY,20,0.66,0.69
2025-12-08T05:51:22.036000+00:00,price_change,0.17,BUY,0,0.66,0.69
2025-12-08T05:51:37.579000+00:00,price_change,0.16,BUY,0,0.66,0.69
2025-12-08T05:51:37.933000+00:00,price_change,0.17,BUY,40,0.66,0.69
2025-12-08T05:52:21.865000+00:00,price_change,0.62,BUY,1611.61,0.66,0.69
2025-12-08T05:52:21.866000+00:00,price_change,0.63,BUY,1646.64,0.66,0.69
2025-12-08T05:52:55.011000+00:00,price_change,0.18,BUY,5.96,0.66,0.69
2025-12-08T05:53:35.697000+00:00,price_change,0.08,BUY,0,0.66,0.69
2025-12-08T05:53:35.697000+00:00,price_change,0.17,BUY,0,0.66,0.69
2025-12-08T05:53:36.044000+00:00,price_change,0.07,BUY,200,0.66,0.69
2025-12-08T05:53:36.067000+00:00,price_change,0.13,BUY,5040,0.66,0.69
2025-12-08T05:53:38.827000+00:00,price_change,0.14,BUY,2142,0.66,0.69
2025-12-08T05:54:13.046000+00:00,price_change,0.14,BUY,0,0.66,0.69
2025-12-08T05:54:14.167000+00:00,price_change,0.14,BUY,1142,0.66,0.69
2025-12-08T05:54:47.954000+00:00,price_change,0.62,BUY,41.61,0.66,0.69
2025-12-08T05:54:47.954000+00:00,price_change,0.73,SELL,92,0.66,0.69
2025-12-08T05:54:47.955000+00:00,price_change,0.73,SELL,0,0.66,0.69
2025-12-08T05:54:51.832000+00:00,price_change,0.72,SELL,0,0.66,0.69
2025-12-08T05:54:52.678000+00:00,price_change,0.86,SELL,167.92,0.66,0.69
2025-12-08T05:55:03.536000+00:00,price_change,0.62,BUY,1611.61,0.66,0.69
2025-12-08T05:55:03.537000+00:00,price_change,0.73,SELL,92,0.66,0.69
2025-12-08T05:55:03.539000+00:00,price_change,0.73,SELL,252,0.66,0.69
2025-12-08T05:55:07.092000+00:00,price_change,0.86,SELL,0,0.66,0.69
2025-12-08T05:55:07.749000+00:00,price_change,0.72,SELL,167.92,0.66,0.69
2025-12-08T05:55:14.912000+00:00,price_change,0.18,BUY,0,0.66,0.69
2025-12-08T05:55:15.303000+00:00,price_change,0.15,BUY,7.43,0.66,0.69
2025-12-08T05:55:34.001000+00:00,price_change,0.64,BUY,300,0.66,0.69
2025-12-08T05:55:36.010000+00:00,price_change,0.64,BUY,310,0.66,0.69
2025-12-08T05:55:47.646000+00:00,price_change,0.18,BUY,1666,0.66,0.69
2025-12-08T05:55:50.896000+00:00,price_change,0.13,BUY,5000,0.66,0.69
2025-12-08T05:55:51.273000+00:00,price_change,0.14,BUY,1182,0.66,0.69
2025-12-08T05:56:07.248000+00:00,price_change,0.62,BUY,41.61,0.66,0.69
2025-12-08T05:56:07.249000+00:00,price_change,0.62,BUY,1558.61,0.66,0.69
2025-12-08T05:56:07.404000+00:00,price_change,0.62,BUY,41.61,0.66,0.69
2025-12-08T05:56:07.405000+00:00,price_change,0.63,BUY,1699.64,0.66,0.69
2025-12-08T05:56:45.845000+00:00,price_change,0.39,BUY,0,0.66,0.69
2025-12-08T05:56:46.071000+00:00,price_change,0.57,BUY,30,0.66,0.69
2025-12-08T05:57:26.911000+00:00,price_change,0.18,BUY,0,0.66,0.69
2025-12-08T05:57:47.392000+00:00,price_change,0.62,BUY,1558.61,0.66,0.69
2025-12-08T05:57:47.393000+00:00,price_change,0.63,BUY,1646.64,0.66,0.69
2025-12-08T05:57:47.429000+00:00,price_change,0.57,BUY,0,0.66,0.69
2025-12-08T05:57:47.603000+00:00,price_change,0.39,BUY,30,0.66,0.69
2025-12-08T05:57:47.650000+00:00,price_change,0.62,BUY,3128.61,0.66,0.69
2025-12-08T05:57:47.651000+00:00,price_change,0.62,BUY,1611.61,0.66,0.69
2025-12-08T05:58:02.259000+00:00,price_change,0.14,BUY,1142,0.66,0.69
2025-12-08T05:58:02.591000+00:00,price_change,0.13,BUY,5040,0.66,0.69
2025-12-08T05:58:47.520000+00:00,price_change,0.09,BUY,2666,0.66,0.69
2025-12-08T05:59:31.211000+00:00,price_change,0.09,BUY,4442,0.66,0.69
2025-12-08T05:59:45.651000+00:00,price_change,0.62,BUY,3128.61,0.66,0.69
2025-12-08T05:59:45.656000+00:00,price_change,0.62,BUY,1558.61,0.66,0.69
2025-12-08T05:59:45.765000+00:00,price_change,0.63,BUY,1699.64,0.66,0.69
2025-12-08T05:59:45.765000+00:00,price_change,0.62,BUY,41.61,0.66,0.69
2025-12-08T05:59:45.838000+00:00,price_change,0.39,BUY,0,0.66,0.69
2025-12-08T05:59:45.898000+00:00,price_change,0.57,BUY,30,0.66,0.69
2025-12-08T05:59:59.642000+00:00,price_change,0.38,BUY,0,0.66,0.69
2025-12-08T05:59:59.689000+00:00,price_change,0.37,BUY,5,0.66,0.69
2025-12-08T06:00:16.905000+00:00,price_change,0.13,BUY,5000,0.66,0.69
2025-12-08T06:00:17.219000+00:00,price_change,0.14,BUY,1182,0.66,0.69
2025-12-08T06:01:46.104000+00:00,price_change,0.15,BUY,2005.43,0.66,0.69
2025-12-08T06:02:38.690000+00:00,price_change,0.07,BUY,0,0.66,0.69
2025-12-08T06:02:39.027000+00:00,price_change,0.09,BUY,4542,0.66,0.69
2025-12-08T06:03:17.812000+00:00,price_change,0.98,SELL,300,0.66,0.69
2025-12-08T06:03:17.980000+00:00,price_change,0.97,SELL,5001,0.66,0.69
2025-12-08T06:03:18.281000+00:00,price_change,0.28,BUY,0,0.66,0.69
2025-12-08T06:03:18.453000+00:00,price_change,0.28,BUY,3232,0.66,0.69
2025-12-08T06:03:21.336000+00:00,price_change,0.73,SELL,160,0.66,0.69
2025-12-08T06:03:21.338000+00:00,price_change,0.63,BUY,1646.64,0.66,0.69
2025-12-08T06:03:21.338000+00:00,price_change,0.73,SELL,0,0.66,0.69
2025-12-08T06:03:24.231000+00:00,price_change,0.72,SELL,0,0.66,0.69
2025-12-08T06:03:25.200000+00:00,price_change,0.86,SELL,167.92,0.66,0.69
2025-12-08T06:03:43.162000+00:00,price_change,0.62,BUY,1611.61,0.66,0.69
2025-12-08T06:03:43.164000+00:00,price_change,0.73,SELL,160,0.66,0.69
2025-12-08T06:03:43.170000+00:00,price_change,0.73,SELL,252,0.66,0.69
2025-12-08T06:03:43.325000+00:00,price_change,0.57,BUY,0,0.66,0.69
2025-12-08T06:03:43.393000+00:00,price_change,0.38,BUY,30,0.66,0.69
2025-12-08T06:03:45.250000+00:00,price_change,0.86,SELL,0,0.66,0.69
2025-12-08T06:03:45.886000+00:00,price_change,0.72,SELL,167.92,0.66,0.69
2025-12-08T06:04:19.561000+00:00,price_change,0.15,BUY,1998,0.66,0.69
2025-12-08T06:04:20.316000+00:00,price_change,0.16,BUY,6.97,0.66,0.69
2025-12-08T06:04:25.181000+00:00,price_change,0.63,BUY,1438.39,0.66,0.69
2025-12-08T06:04:25.181000+00:00,price_change,0.62,BUY,1570,0.66,0.69
2025-12-08T06:04:26.511000+00:00,price_change,0.64,BUY,325,0.66,0.69
2025-12-08T06:04:26.541000+00:00,price_change,0.63,BUY,1646.64,0.66,0.69
2025-12-08T06:04:26.579000+00:00,price_change,0.62,BUY,1616.61,0.66,0.69
2025-12-08T06:04:42.999000+00:00,price_change,0.14,BUY,1142,0.66,0.69
2025-12-08T06:04:43.374000+00:00,price_change,0.15,BUY,2038,0.66,0.69
2025-12-08T06:05:15.418000+00:00,price_change,0.62,BUY,46.61,0.66,0.69
2025-12-08T06:05:15.424000+00:00,price_change,0.62,BUY,1563.61,0.66,0.69
2025-12-08T06:05:15.950000+00:00,price_change,0.63,BUY,1699.64,0.66,0.69
2025-12-08T06:05:15.956000+00:00,price_change,0.62,BUY,46.61,0.66,0.69
2025-12-08T06:05:40.131000+00:00,price_change,0.15,BUY,40,0.66,0.69
2025-12-08T06:05:46.862000+00:00,price_change,0.16,BUY,1880.97,0.66,0.69
2025-12-08T06:06:48.384000+00:00,price_change,0.16,BUY,1874,0.66,0.69
2025-12-08T06:06:48.826000+00:00,price_change,0.17,BUY,6.56,0.66,0.69
2025-12-08T06:06:49.589000+00:00,price_change,0.17,BUY,13.12,0.66,0.69
2025-12-08T06:07:00.002000+00:00,price_change,0.16,BUY,0,0.66,0.69
2025-12-08T06:07:03.070000+00:00,price_change,0.98,SELL,0,0.66,0.69
2025-12-08T06:07:03.456000+00:00,price_change,0.97,SELL,5301,0.66,0.69
2025-12-08T06:07:15.335000+00:00,price_change,0.62,BUY,1563.61,0.66,0.69
2025-12-08T06:07:15.337000+00:00,price_change,0.63,BUY,1646.64,0.66,0.69
2025-12-08T06:07:15.504000+00:00,price_change,0.62,BUY,46.61,0.66,0.69
2025-12-08T06:07:15.516000+00:00,price_change,0.62,BUY,1616.61,0.66,0.69
2025-12-08T06:07:33.042000+00:00,price_change,0.15,BUY,2038,0.66,0.69
2025-12-08T06:08:00.717000+00:00,price_change,0.73,SELL,160,0.66,0.69
2025-12-08T06:08:00.718000+00:00,price_change,0.73,SELL,0,0.66,0.69
2025-12-08T06:08:00.718000+00:00,price_change,0.62,BUY,46.61,0.66,0.69
2025-12-08T06:08:00.894000+00:00,price_change,0.55,BUY,0,0.66,0.69
2025-12-08T06:08:00.977000+00:00,price_change,0.6,BUY,250,0.66,0.69
2025-12-08T06:08:05.633000+00:00,price_change,0.72,SELL,0,0.66,0.69
2025-12-08T06:08:06.406000+00:00,price_change,0.86,SELL,167.92,0.66,0.69
2025-12-08T06:08:17.417000+00:00,price_change,0.15,BUY,40,0.66,0.69
2025-12-08T06:08:24.962000+00:00,price_change,0.73,SELL,92,0.66,0.69
2025-12-08T06:08:24.965000+00:00,price_change,0.62,BUY,1616.61,0.66,0.69
2025-12-08T06:08:24.973000+00:00,price_change,0.73,SELL,252,0.66,0.69
2025-12-08T06:08:26.332000+00:00,price_change,0.86,SELL,0,0.66,0.69
2025-12-08T06:08:26.957000+00:00,price_change,0.72,SELL,167.92,0.66,0.69
2025-12-08T06:08:49.171000+00:00,price_change,0.17,BUY,1777.12,0.66,0.69
2025-12-08T06:09:10.026000+00:00,price_change,0.17,BUY,1764,0.66,0.69
2025-12-08T06:09:10.292000+00:00,price_change,0.73,SELL,160,0.66,0.69
2025-12-08T06:09:10.293000+00:00,price_change,0.73,SELL,0,0.66,0.69
2025-12-08T06:09:10.293000+00:00,price_change,0.62,BUY,46.61,0.66,0.69
2025-12-08T06:09:10.762000+00:00,price_change,0.18,BUY,5.96,0.66,0.69
2025-12-08T06:09:12.125000+00:00,price_change,0.72,SELL,0,0.66,0.69
2025-12-08T06:09:12.694000+00:00,price_change,0.86,SELL,167.92,0.66,0.69
2025-12-08T06:09:24.500000+00:00,price_change,0.15,BUY,0,0.66,0.69
2025-12-08T06:09:24.869000+00:00,price_change,0.14,BUY,1182,0.66,0.69
2025-12-08T06:09:35.260000+00:00,price_change,0.62,BUY,1616.61,0.66,0.69
2025-12-08T06:09:35.261000+00:00,price_change,0.73,SELL,92,0.66,0.69
2025-12-08T06:09:35.263000+00:00,price_change,0.73,SELL,252,0.66,0.69
2025-12-08T06:09:37.616000+00:00,price_change,0.86,SELL,0,0.66,0.69
2025-12-08T06:09:38.489000+00:00,price_change,0.72,SELL,167.92,0.66,0.69
2025-12-08T06:11:04.902000+00:00,price_change,0.17,BUY,0,0.66,0.69
2025-12-08T06:11:05.419000+00:00,price_change,0.62,BUY,46.61,0.66,0.69
2025-12-08T06:11:05.444000+00:00,price_change,0.62,BUY,1563.61,0.66,0.69
2025-12-08T06:11:05.596000+00:00,price_change,0.62,BUY,46.61,0.66,0.69
2025-12-08T06:11:05.599000+00:00,price_change,0.63,BUY,1699.64,0.66,0.69
2025-12-08T06:11:41.840000+00:00,price_change,0.15,BUY,1998,0.66,0.69
2025-12-08T06:11:42.462000+00:00,price_change,0.56,BUY,0,0.66,0.69
2025-12-08T06:11:42.554000+00:00,price_change,0.6,BUY,230,0.66,0.69
2025-12-08T06:11:42.568000+00:00,price_change,0.14,BUY,1142,0.66,0.69
2025-12-08T06:11:42.591000+00:00,price_change,0.87,SELL,440.53,0.66,0.69
2025-12-08T06:11:42.723000+00:00,price_change,0.53,BUY,20,0.66,0.69
2025-12-08T06:11:42.945000+00:00,price_change,0.17,BUY,40,0.66,0.69
2025-12-08T06:11:42.951000+00:00,price_change,0.86,SELL,40,0.66,0.69
2025-12-08T06:11:51.921000+00:00,price_change,0.57,BUY,20,0.66,0.69
2025-12-08T06:12:27.568000+00:00,price_change,0.15,BUY,0,0.66,0.69
2025-12-08T06:12:38.733000+00:00,price_change,0.16,BUY,1874,0.66,0.69
2025-12-08T06:12:49.896000+00:00,price_change,0.62,BUY,1616.61,0.66,0.69
2025-12-08T06:12:49.897000+00:00,price_change,0.63,BUY,1646.64,0.66,0.69
2025-12-08T06:13:09.420000+00:00,price_change,0.73,SELL,92,0.66,0.69
2025-12-08T06:13:09.420000+00:00,price_change,0.62,BUY,46.61,0.66,0.69
2025-12-08T06:13:09.421000+00:00,price_change,0.73,SELL,0,0.66,0.69
2025-12-08T06:13:11.874000+00:00,price_change,0.72,SELL,0,0.66,0.69
2025-12-08T06:13:12.465000+00:00,price_change,0.85,SELL,167.92,0.66,0.69
2025-12-08T06:13:32.866000+00:00,price_change,0.73,SELL,92,0.66,0.69
2025-12-08T06:13:32.868000+00:00,price_change,0.62,BUY,1616.61,0.66,0.69
2025-12-08T06:13:32.869000+00:00,price_change,0.73,SELL,252,0.66,0.69
2025-12-08T06:13:37.539000+00:00,price_change,0.85,SELL,0,0.66,0.69
2025-12-08T06:13:38.177000+00:00,price_change,0.72,SELL,167.92,0.66,0.69
2025-12-08T06:13:43.150000+00:00,price_change,0.16,BUY,0,0.66,0.69
2025-12-08T06:14:07.833000+00:00,price_change,0.15,BUY,1998,0.66,0.69
2025-12-08T06:14:09.968000+00:00,price_change,0.86,SELL,0,0.66,0.69
2025-12-08T06:14:09.969000+00:00,price_change,0.17,BUY,0,0.66,0.69
2025-12-08T06:14:10.326000+00:00,price_change,0.15,BUY,2038,0.66,0.69
2025-12-08T06:14:10.339000+00:00,price_change,0.87,SELL,480.53,0.66,0.69
2025-12-08T06:14:16.818000+00:00,price_change,0.18,BUY,0,0.66,0.69
2025-12-08T06:14:19.360000+00:00,price_change,0.16,BUY,6.97,0.66,0.69
2025-12-08T06:14:48.855000+00:00,price_change,0.62,BUY,3133.61,0.66,0.69
2025-12-08T06:14:48.859000+00:00,price_change,0.62,BUY,1563.61,0.66,0.69
2025-12-08T06:14:49.066000+00:00,price_change,0.62,BUY,46.61,0.66,0.69
2025-12-08T06:14:49.067000+00:00,price_change,0.63,BUY,1699.64,0.66,0.69
2025-12-08T06:15:18.427000+00:00,price_change,0.63,BUY,1646.64,0.66,0.69
2025-12-08T06:15:18.427000+00:00,price_change,0.73,SELL,92,0.66,0.69
2025-12-08T06:15:18.427000+00:00,price_change,0.73,SELL,0,0.66,0.69
2025-12-08T06:15:18.713000+00:00,price_change,0.15,BUY,40,0.66,0.69
2025-12-08T06:15:23.375000+00:00,price_change,0.72,SELL,0,0.66,0.69
2025-12-08T06:15:24.082000+00:00,price_change,0.86,SELL,167.92,0.66,0.69
2025-12-08T06:15:36.122000+00:00,price_change,0.73,SELL,160,0.66,0.69
2025-12-08T06:15:36.126000+00:00,price_change,0.63,BUY,1699.64,0.66,0.69
2025-12-08T06:15:36.127000+00:00,price_change,0.73,SELL,252,0.66,0.69
2025-12-08T06:15:38.598000+00:00,price_change,0.86,SELL,0,0.66,0.69
2025-12-08T06:15:39.221000+00:00,price_change,0.72,SELL,167.92,0.66,0.69
2025-12-08T06:15:56.088000+00:00,price_change,0.16,BUY,1880.97,0.66,0.69
2025-12-08T06:16:02.589000+00:00,price_change,0.16,BUY,6.97,0.66,0.69
2025-12-08T06:16:41.415000+00:00,price_change,0.64,BUY,310,0.66,0.69
2025-12-08T06:16:41.415000+00:00,price_change,0.63,BUY,1491.39,0.66,0.69
2025-12-08T06:16:41.415000+00:00,price_change,0.62,BUY,0,0.66,0.69
2025-12-08T06:17:19.103000+00:00,price_change,0.38,BUY,0,0.66,0.69
2025-12-08T06:17:19.216000+00:00,price_change,0.54,BUY,30,0.66,0.69
2025-12-08T06:18:31.976000+00:00,price_change,0.15,BUY,0,0.66,0.69
2025-12-08T06:18:32.366000+00:00,price_change,0.14,BUY,1182,0.66,0.69
2025-12-08T06:18:37.080000+00:00,price_change,0.63,BUY,1438.39,0.66,0.69
2025-12-08T06:18:37.081000+00:00,price_change,0.62,BUY,1517,0.66,0.69
2025-12-08T06:18:37.180000+00:00,price_change,0.54,BUY,0,0.66,0.69
2025-12-08T06:18:37.237000+00:00,price_change,0.62,BUY,0,0.66,0.69
2025-12-08T06:18:37.238000+00:00,price_change,0.62,BUY,1570,0.66,0.69
2025-12-08T06:18:37.280000+00:00,price_change,0.38,BUY,30,0.66,0.69
2025-12-08T06:19:54.319000+00:00,price_change,0.16,BUY,0,0.66,0.69
2025-12-08T06:19:54.357000+00:00,price_change,0.64,BUY,325,0.66,0.69
2025-12-08T06:19:54.385000+00:00,price_change,0.63,BUY,1646.64,0.66,0.69
2025-12-08T06:19:54.416000+00:00,price_change,0.62,BUY,1616.61,0.66,0.69
2025-12-08T06:19:55.235000+00:00,price_change,0.15,BUY,7.43,0.66,0.69
2025-12-08T06:20:02.653000+00:00,price_change,0.14,BUY,40,0.66,0.69
2025-12-08T06:20:02.920000+00:00,price_change,0.09,BUY,1876,0.66,0.69
2025-12-08T06:20:03.022000+00:00,price_change,0.09,BUY,100,0.66,0.69
2025-12-08T06:20:19.059000+00:00,price_change,0.62,BUY,3133.61,0.66,0.69
2025-12-08T06:20:19.061000+00:00,price_change,0.62,BUY,1563.61,0.66,0.69
2025-12-08T06:20:19.222000+00:00,price_change,0.62,BUY,46.61,0.66,0.69
2025-12-08T06:20:19.226000+00:00,price_change,0.63,BUY,1699.64,0.66,0.69
2025-12-08T06:21:06.511000+00:00,price_change,0.16,BUY,1874,0.66,0.69
2025-12-08T06:21:59+00:00,price_change,0.64,BUY,315,0.66,0.69
2025-12-08T06:22:03.052000+00:00,price_change,0.64,BUY,325,0.66,0.69
2025-12-08T06:22:15.083000+00:00,price_change,0.15,BUY,0,0.66,0.69
2025-12-08T06:22:16.165000+00:00,price_change,0.17,BUY,6.56,0.66,0.69
2025-12-08T06:22:18.238000+00:00,price_change,0.16,BUY,0,0.66,0.69
2025-12-08T06:22:19.898000+00:00,price_change,0.63,BUY,1646.64,0.66,0.69
2025-12-08T06:22:19.899000+00:00,price_change,0.62,BUY,1616.61,0.66,0.69
2025-12-08T06:22:57.896000+00:00,price_change,0.09,BUY,0,0.66,0.69
2025-12-08T06:22:57.896000+00:00,price_change,0.14,BUY,0,0.66,0.69
2025-12-08T06:22:58.187000+00:00,price_change,0.07,BUY,200,0.66,0.69
2025-12-08T06:22:58.189000+00:00,price_change,0.13,BUY,5040,0.66,0.69
2025-12-08T06:23:35.377000+00:00,price_change,0.73,SELL,92,0.66,0.69
2025-12-08T06:23:35.377000+00:00,price_change,0.62,BUY,46.61,0.66,0.69
2025-12-08T06:23:35.379000+00:00,price_change,0.73,SELL,0,0.66,0.69
2025-12-08T06:23:37.331000+00:00,price_change,0.72,SELL,0,0.66,0.69
2025-12-08T06:23:37.956000+00:00,price_change,0.86,SELL,167.92,0.66,0.69
2025-12-08T06:23:51.253000+00:00,price_change,0.73,SELL,160,0.66,0.69
2025-12-08T06:23:51.254000+00:00,price_change,0.62,BUY,1616.61,0.66,0.69
2025-12-08T06:23:51.264000+00:00,price_change,0.73,SELL,252,0.66,0.69
2025-12-08T06:23:52.178000+00:00,price_change,0.86,SELL,0,0.66,0.69
2025-12-08T06:23:52.886000+00:00,price_change,0.72,SELL,167.92,0.66,0.69
2025-12-08T06:23:54.563000+00:00,price_change,0.73,SELL,160,0.66,0.69
2025-12-08T06:23:54.565000+00:00,price_change,0.73,SELL,0,0.66,0.69
2025-12-08T06:23:54.565000+00:00,price_change,0.62,BUY,46.61,0.66,0.69
2025-12-08T06:23:57.417000+00:00,price_change,0.72,SELL,0,0.66,0.69
2025-12-08T06:23:58.185000+00:00,price_change,0.86,SELL,167.92,0.66,0.69
2025-12-08T06:24:07.494000+00:00,price_change,0.73,SELL,160,0.66,0.69
2025-12-08T06:24:07.499000+00:00,price_change,0.62,BUY,1616.61,0.66,0.69
2025-12-08T06:24:07.500000+00:00,price_change,0.73,SELL,252,0.66,0.69
2025-12-08T06:24:13.121000+00:00,price_change,0.86,SELL,0,0.66,0.69
2025-12-08T06:24:13.891000+00:00,price_change,0.72,SELL,167.92,0.66,0.69
2025-12-08T06:24:26.618000+00:00,price_change,0.14,BUY,1142,0.66,0.69
2025-12-08T06:24:42.268000+00:00,price_change,0.1,BUY,2400,0.66,0.69
2025-12-08T06:24:54.990000+00:00,price_change,0.17,BUY,0,0.66,0.69
2025-12-08T06:24:55.901000+00:00,price_change,0.14,BUY,1149.96,0.66,0.69
2025-12-08T06:25:34.245000+00:00,price_change,0.73,SELL,160,0.66,0.69
2025-12-08T06:25:34.246000+00:00,price_change,0.62,BUY,46.61,0.66,0.69
2025-12-08T06:25:34.246000+00:00,price_change,0.73,SELL,0,0.66,0.69
2025-12-08T06:25:35.884000+00:00,price_change,0.72,SELL,0,0.66,0.69
2025-12-08T06:25:36.418000+00:00,price_change,0.86,SELL,167.92,0.66,0.69
2025-12-08T06:25:38.211000+00:00,price_change,0.62,BUY,1616.61,0.66,0.69
2025-12-08T06:25:38.212000+00:00,price_change,0.73,SELL,92,0.66,0.69
2025-12-08T06:25:38.213000+00:00,price_change,0.73,SELL,252,0.66,0.69
2025-12-10T02:35:54.574000+00:00,book,0.67,BUY,278.84,0.67,0.69
2025-12-10T02:35:54.574000+00:00,book,0.69,SELL,210,0.67,0.69
2025-12-10T02:37:57.005000+00:00,price_change,0.85,SELL,0,0.67,0.69
2025-12-10T02:37:57.341000+00:00,price_change,0.84,SELL,207.92,0.67,0.69
2025-12-10T02:42:23.034000+00:00,book,0.67,BUY,278.84,0.67,0.69
2025-12-10T02:42:23.034000+00:00,book,0.69,SELL,210,0.67,0.69
2025-12-10T02:46:40.940000+00:00,book,0.67,BUY,278.84,0.67,0.69
2025-12-10T02:46:40.940000+00:00,book,0.69,SELL,210,0.67,0.69
2025-12-10T02:46:47.671000+00:00,price_change,0.65,BUY,348.18,0.67,0.69
2025-12-10T02:46:51.508000+00:00,price_change,0.65,BUY,336.36,0.67,0.69
2025-12-10T02:46:53.271000+00:00,price_change,0.65,BUY,348.18,0.67,0.69
2025-12-10T02:46:54.551000+00:00,price_change,0.65,BUY,336.36,0.67,0.69
2025-12-10T02:46:54.796000+00:00,price_change,0.65,BUY,348.18,0.67,0.69
2025-12-10T02:46:55.546000+00:00,price_change,0.65,BUY,336.36,0.67,0.69
2025-12-10T02:46:57.792000+00:00,price_change,0.65,BUY,348.18,0.67,0.69
2025-12-10T02:46:58.464000+00:00,price_change,0.65,BUY,336.36,0.67,0.69
2025-12-10T02:46:59.003000+00:00,price_change,0.65,BUY,348.18,0.67,0.69
2025-12-10T02:46:59.579000+00:00,price_change,0.65,BUY,336.36,0.67,0.69
2025-12-10T02:47:00.708000+00:00,price_change,0.65,BUY,348.18,0.67,0.69
2025-12-10T02:47:01.620000+00:00,price_change,0.65,BUY,336.36,0.67,0.69
2025-12-10T02:47:01.895000+00:00,price_change,0.65,BUY,348.18,0.67,0.69
2025-12-10T02:47:02.279000+00:00,price_change,0.65,BUY,336.36,0.67,0.69
2025-12-10T02:47:04.636000+00:00,price_change,0.65,BUY,350.36,0.67,0.69
2025-12-10T02:47:04.636000+00:00,book,0.67,BUY,278.84,0.67,0.69
2025-12-10T02:47:04.636000+00:00,book,0.69,SELL,210,0.67,0.69
2025-12-10T02:48:22.777000+00:00,price_change,0.37,BUY,0,0.67,0.69
2025-12-10T02:48:22.825000+00:00,price_change,0.37,BUY,5,0.67,0.69
2025-12-10T02:50:02.001000+00:00,price_change,0.16,BUY,0,0.67,0.69
2025-12-10T02:50:02.505000+00:00,price_change,0.08,BUY,3100,0.67,0.69
2025-12-10T02:50:02.545000+00:00,price_change,0.08,BUY,100,0.67,0.69
2025-12-10T03:14:28.846000+00:00,book,0.67,BUY,278.84,0.67,0.69
2025-12-10T03:14:28.846000+00:00,book,0.69,SELL,210,0.67,0.69
2025-12-10T03:14:46.584000+00:00,price_change,0.64,BUY,360,0.67,0.69
2025-12-10T03:14:59.060000+00:00,price_change,0.84,SELL,0,0.67,0.69
2025-12-10T03:14:59.381000+00:00,price_change,0.83,SELL,207.92,0.67,0.69
2025-12-10T03:34:08.724000+00:00,book,0.67,BUY,278.84,0.67,0.69
2025-12-10T03:34:08.724000+00:00,book,0.69,SELL,210,0.67,0.69
2025-12-10T03:35:39.777000+00:00,price_change,0.15,BUY,1998,0.67,0.69
2025-12-10T03:35:54.532000+00:00,price_change,0.86,SELL,0,0.67,0.69
2025-12-10T03:35:54.742000+00:00,price_change,0.98,SELL,300,0.67,0.69
2025-12-10T03:35:54.888000+00:00,price_change,0.98,SELL,3329,0.67,0.69
2025-12-10T03:35:55.048000+00:00,price_change,0.85,SELL,207.92,0.67,0.69
2025-12-10T03:35:55.165000+00:00,price_change,0.28,BUY,0,0.67,0.69
2025-12-10T03:35:55.309000+00:00,price_change,0.28,BUY,3225,0.67,0.69
2025-12-10T03:35:59.555000+00:00,price_change,0.85,SELL,40,0.67,0.69
2025-12-10T03:36:00.158000+00:00,price_change,0.84,SELL,167.92,0.67,0.69
2025-12-10T03:37:55.120000+00:00,price_change,0.85,SELL,0,0.67,0.69
2025-12-10T03:37:55.120000+00:00,price_change,0.14,BUY,1142,0.67,0.69
2025-12-10T03:37:55.431000+00:00,price_change,0.15,BUY,2038,0.67,0.69
2025-12-10T03:37:55.449000+00:00,price_change,0.84,SELL,207.92,0.67,0.69
2025-12-10T03:37:58.233000+00:00,price_change,0.84,SELL,40,0.67,0.69
2025-12-10T03:37:58.838000+00:00,price_change,0.83,SELL,167.92,0.67,0.69
2025-12-10T03:40:07.785000+00:00,price_change,0.84,SELL,0,0.67,0.69
2025-12-10T03:40:08.103000+00:00,price_change,0.83,SELL,207.92,0.67,0.69
2025-12-10T03:40:13.067000+00:00,price_change,0.83,SELL,40,0.67,0.69
2025-12-10T03:40:13.876000+00:00,price_change,0.86,SELL,167.92,0.67,0.69
2025-12-10T03:40:21.311000+00:00,price_change,0.15,BUY,40,0.67,0.69
2025-12-10T03:40:55.440000+00:00,price_change,0.64,BUY,350,0.67,0.69
2025-12-10T03:40:55.440000+00:00,price_change,0.73,SELL,154,0.67,0.69
2025-12-10T03:40:59.187000+00:00,price_change,0.16,BUY,1874,0.67,0.69
2025-12-10T03:41:35.807000+00:00,price_change,0.16,BUY,0,0.67,0.69
2025-12-10T03:41:52.192000+00:00,price_change,0.15,BUY,2038,0.67,0.69
2025-12-10T03:42:07.480000+00:00,price_change,0.83,SELL,0,0.67,0.69
2025-12-10T03:42:08.019000+00:00,price_change,0.86,SELL,207.92,0.67,0.69
2025-12-10T03:42:12.679000+00:00,price_change,0.86,SELL,40,0.67,0.69
2025-12-10T03:42:13.270000+00:00,price_change,0.85,SELL,167.92,0.67,0.69
2025-12-10T03:42:16.124000+00:00,price_change,0.65,BUY,336.36,0.67,0.69
2025-12-10T03:42:16.249000+00:00,price_change,0.65,BUY,316.36,0.67,0.69
2025-12-10T03:42:16.332000+00:00,price_change,0.64,BUY,370,0.67,0.69
2025-12-10T03:42:16.632000+00:00,price_change,0.65,BUY,336.36,0.67,0.69
2025-12-10T03:42:38.158000+00:00,price_change,0.15,BUY,40,0.67,0.69
2025-12-10T03:42:50.779000+00:00,price_change,0.17,BUY,1764,0.67,0.69
2025-12-10T03:44:20.560000+00:00,price_change,0.86,SELL,0,0.67,0.69
2025-12-10T03:44:20.910000+00:00,price_change,0.85,SELL,207.92,0.67,0.69
2025-12-10T03:44:22.202000+00:00,price_change,0.85,SELL,40,0.67,0.69
2025-12-10T03:44:22.801000+00:00,price_change,0.84,SELL,167.92,0.67,0.69
2025-12-10T03:46:11.633000+00:00,price_change,0.17,BUY,0,0.67,0.69
2025-12-10T03:46:29.005000+00:00,price_change,0.85,SELL,0,0.67,0.69
2025-12-10T03:46:29.005000+00:00,price_change,0.15,BUY,0,0.67,0.69
2025-12-10T03:46:29.338000+00:00,price_change,0.84,SELL,207.92,0.67,0.69
2025-12-10T03:46:29.362000+00:00,price_change,0.17,BUY,40,0.67,0.69
2025-12-10T03:46:30.262000+00:00,price_change,0.84,SELL,40,0.67,0.69
2025-12-10T03:46:30.993000+00:00,price_change,0.83,SELL,167.92,0.67,0.69
2025-12-10T03:46:46.300000+00:00,price_change,0.15,BUY,1998,0.67,0.69
2025-12-10T03:47:19.986000+00:00,price_change,0.15,BUY,0,0.67,0.69
2025-12-10T03:47:49.507000+00:00,price_change,0.16,BUY,1874,0.67,0.69
2025-12-10T03:48:32.300000+00:00,price_change,0.84,SELL,0,0.67,0.69
2025-12-10T03:48:32.300000+00:00,price_change,0.17,BUY,0,0.67,0.69
2025-12-10T03:48:32.642000+00:00,price_change,0.83,SELL,207.92,0.67,0.69
2025-12-10T03:48:32.660000+00:00,price_change,0.14,BUY,1182,0.67,0.69
2025-12-10T03:48:34.904000+00:00,price_change,0.83,SELL,40,0.67,0.69
2025-12-10T03:48:35.718000+00:00,price_change,0.86,SELL,167.92,0.67,0.69
2025-12-10T03:48:38.634000+00:00,price_change,0.73,SELL,0,0.67,0.69
2025-12-10T03:48:40.869000+00:00,price_change,0.73,SELL,154,0.67,0.69
2025-12-10T03:48:43.623000+00:00,price_change,0.16,BUY,0,0.67,0.69
2025-12-10T03:49:00.827000+00:00,price_change,0.15,BUY,1998,0.67,0.69
2025-12-10T03:49:28.283000+00:00,price_change,0.9,SELL,0,0.67,0.69
2025-12-10T03:49:28.283000+00:00,price_change,0.87,SELL,440.53,0.67,0.69
2025-12-10T03:49:58.950000+00:00,price_change,0.15,BUY,0,0.67,0.69
2025-12-10T03:50:02.542000+00:00,price_change,0.1,BUY,1600,0.67,0.69
2025-12-10T03:50:02.578000+00:00,price_change,0.14,BUY,40,0.67,0.69
2025-12-10T03:50:02.631000+00:00,price_change,0.1,BUY,0,0.67,0.69
2025-12-10T03:50:11.402000+00:00,price_change,0.87,SELL,647.53,0.67,0.69
2025-12-10T03:50:11.403000+00:00,price_change,0.9,SELL,270,0.67,0.69
2025-12-10T03:50:30.605000+00:00,price_change,0.17,BUY,1764,0.67,0.69
2025-12-10T03:50:35.260000+00:00,price_change,0.14,BUY,0,0.67,0.69
2025-12-10T03:50:35.261000+00:00,price_change,0.83,SELL,0,0.67,0.69
2025-12-10T03:50:35.629000+00:00,price_change,0.86,SELL,207.92,0.67,0.69
2025-12-10T03:50:35.635000+00:00,price_change,0.16,BUY,40,0.67,0.69
2025-12-10T03:50:37.485000+00:00,price_change,0.86,SELL,40,0.67,0.69
2025-12-10T03:50:38.126000+00:00,price_change,0.85,SELL,167.92,0.67,0.69
2025-12-10T03:51:14.566000+00:00,price_change,0.17,BUY,0,0.67,0.69
2025-12-10T03:51:41.800000+00:00,price_change,0.37,BUY,0,0.67,0.69
2025-12-10T03:51:41.845000+00:00,price_change,0.37,BUY,5,0.67,0.69
2025-12-10T03:52:24.387000+00:00,price_change,0.16,BUY,1914,0.67,0.69
2025-12-10T03:52:37.554000+00:00,price_change,0.86,SELL,0,0.67,0.69
2025-12-10T03:52:37.555000+00:00,price_change,0.16,BUY,1874,0.67,0.69
2025-12-10T03:52:37.855000+00:00,price_change,0.85,SELL,207.92,0.67,0.69
2025-12-10T03:52:37.876000+00:00,price_change,0.17,BUY,40,0.67,0.69
2025-12-10T03:52:40.700000+00:00,price_change,0.85,SELL,40,0.67,0.69
2025-12-10T03:52:41.344000+00:00,price_change,0.84,SELL,167.92,0.67,0.69
2025-12-10T03:52:57.248000+00:00,price_change,0.65,BUY,316.36,0.67,0.69
2025-12-10T03:52:57.813000+00:00,price_change,0.65,BUY,336.36,0.67,0.69
2025-12-10T03:53:56.782000+00:00,price_change,0.14,BUY,1142,0.67,0.69
2025-12-10T03:54:43.269000+00:00,price_change,0.17,BUY,0,0.67,0.69
2025-12-10T03:54:43.270000+00:00,price_change,0.85,SELL,0,0.67,0.69
2025-12-10T03:54:43.597000+00:00,price_change,0.84,SELL,207.92,0.67,0.69
2025-12-10T03:54:43.624000+00:00,price_change,0.16,BUY,1914,0.67,0.69
2025-12-10T03:54:46.594000+00:00,price_change,0.84,SELL,40,0.67,0.69
2025-12-10T03:54:47.279000+00:00,price_change,0.83,SELL,167.92,0.67,0.69
2025-12-10T03:55:37.258000+00:00,price_change,0.16,BUY,40,0.67,0.69
2025-12-10T03:56:46.154000+00:00,price_change,0.15,BUY,1998,0.67,0.69
2025-12-10T03:56:52.796000+00:00,price_change,0.84,SELL,0,0.67,0.69
2025-12-10T03:56:53.424000+00:00,price_change,0.83,SELL,207.92,0.67,0.69
2025-12-10T03:56:54.283000+00:00,price_change,0.83,SELL,40,0.67,0.69
2025-12-10T03:56:54.935000+00:00,price_change,0.86,SELL,167.92,0.67,0.69
2025-12-10T03:57:50.411000+00:00,price_change,0.08,BUY,3000,0.67,0.69
2025-12-10T03:58:30.516000+00:00,price_change,0.08,BUY,5000,0.67,0.69
2025-12-10T03:58:44.255000+00:00,price_change,0.15,BUY,0,0.67,0.69
2025-12-10T03:58:52.314000+00:00,price_change,0.16,BUY,0,0.67,0.69
2025-12-10T03:58:52.315000+00:00,price_change,0.83,SELL,0,0.67,0.69
2025-12-10T03:58:52.651000+00:00,price_change,0.86,SELL,207.92,0.67,0.69
2025-12-10T03:58:52.671000+00:00,price_change,0.15,BUY,40,0.67,0.69
2025-12-10T03:58:59.437000+00:00,price_change,0.86,SELL,40,0.67,0.69
2025-12-10T03:59:00.286000+00:00,price_change,0.85,SELL,167.92,0.67,0.69
2025-12-10T03:59:31.751000+00:00,price_change,0.16,BUY,1874,0.67,0.69
2025-12-10T04:00:58+00:00,price_change,0.16,BUY,0,0.67,0.69
2025-12-10T04:01:08.011000+00:00,price_change,0.07,BUY,0,0.67,0.69
2025-12-10T04:01:08.011000+00:00,price_change,0.15,BUY,0,0.67,0.69
2025-12-10T04:01:08.011000+00:00,price_change,0.86,SELL,0,0.67,0.69
2025-12-10T04:01:08.304000+00:00,price_change,0.08,BUY,5100,0.67,0.69
2025-12-10T04:01:08.318000+00:00,price_change,0.85,SELL,207.92,0.67,0.69
2025-12-10T04:01:08.325000+00:00,price_change,0.14,BUY,1182,0.67,0.69
2025-12-10T04:01:21.970000+00:00,price_change,0.85,SELL,40,0.67,0.69
2025-12-10T04:01:22.990000+00:00,price_change,0.84,SELL,167.92,0.67,0.69
2025-12-10T04:02:00.385000+00:00,price_change,0.15,BUY,1998,0.67,0.69
2025-12-10T04:02:45.355000+00:00,price_change,0.15,BUY,0,0.67,0.69
2025-12-10T04:03:00.567000+00:00,price_change,0.16,BUY,1874,0.67,0.69
2025-12-10T04:03:23.978000+00:00,price_change,0.08,BUY,5200,0.67,0.69
2025-12-10T04:03:24.008000+00:00,price_change,0.14,BUY,1222,0.67,0.69
2025-12-10T04:03:24.018000+00:00,price_change,0.85,SELL,80,0.67,0.69
2025-12-10T04:03:47.099000+00:00,price_change,0.65,BUY,316.36,0.67,0.69
2025-12-10T04:03:47.340000+00:00,price_change,0.65,BUY,336.36,0.67,0.69
2025-12-10T04:04:19.427000+00:00,price_change,0.16,BUY,0,0.67,0.69
2025-12-10T04:04:22.762000+00:00,price_change,0.15,BUY,1998,0.67,0.69
2025-12-10T04:05:26.229000+00:00,price_change,0.85,SELL,0,0.67,0.69
2025-12-10T04:05:26.230000+00:00,price_change,0.14,BUY,1142,0.67,0.69
2025-12-10T04:05:26.230000+00:00,price_change,0.08,BUY,5100,0.67,0.69
2025-12-10T04:05:26.791000+00:00,price_change,0.84,SELL,207.92,0.67,0.69
2025-12-10T04:05:26.806000+00:00,price_change,0.16,BUY,40,0.67,0.69
2025-12-10T04:05:32.236000+00:00,price_change,0.15,BUY,0,0.67,0.69
2025-12-10T04:05:39.413000+00:00,price_change,0.9,SELL,0,0.67,0.69
2025-12-10T04:05:39.413000+00:00,price_change,0.87,SELL,440.53,0.67,0.69
2025-12-10T04:05:42.023000+00:00,price_change,0.84,SELL,40,0.67,0.69
2025-12-10T04:05:42.840000+00:00,price_change,0.83,SELL,167.92,0.67,0.69
2025-12-10T04:05:51.875000+00:00,price_change,0.16,BUY,1914,0.67,0.69
2025-12-10T04:06:22.731000+00:00,price_change,0.9,SELL,270,0.67,0.69
2025-12-10T04:06:22.732000+00:00,price_change,0.87,SELL,647.53,0.67,0.69
2025-12-10T04:06:28.074000+00:00,price_change,0.64,BUY,350,0.67,0.69
2025-12-10T04:06:28.181000+00:00,price_change,0.65,BUY,356.36,0.67,0.69
2025-12-10T04:06:51.028000+00:00,price_change,0.16,BUY,40,0.67,0.69
2025-12-10T04:06:58.054000+00:00,price_change,0.15,BUY,1998,0.67,0.69
2025-12-10T04:07:28.338000+00:00,price_change,0.84,SELL,80,0.67,0.69
2025-12-10T04:08:12.195000+00:00,price_change,0.15,BUY,0,0.67,0.69
2025-12-10T04:08:52.497000+00:00,price_change,0.17,BUY,1764,0.67,0.69
2025-12-10T04:09:32.217000+00:00,price_change,0.17,BUY,0,0.67,0.69
2025-12-10T04:09:51.112000+00:00,price_change,0.84,SELL,40,0.67,0.69
2025-12-10T04:09:51.113000+00:00,price_change,0.16,BUY,0,0.67,0.69
2025-12-10T04:09:52.269000+00:00,price_change,0.83,SELL,207.92,0.67,0.69
2025-12-10T04:09:52.472000+00:00,price_change,0.36,BUY,2080,0.67,0.69
2025-12-10T04:09:52.599000+00:00,price_change,0.15,BUY,40,0.67,0.69
2025-12-10T04:09:55.111000+00:00,price_change,0.83,SELL,40,0.67,0.69
2025-12-10T04:09:55.692000+00:00,price_change,0.82,SELL,167.92,0.67,0.69
2025-12-10T04:09:58.170000+00:00,price_change,0.15,BUY,2038,0.67,0.69
2025-12-10T04:10:59.111000+00:00,price_change,0.73,SELL,164,0.67,0.69
2025-12-10T04:10:59.193000+00:00,price_change,0.64,BUY,360,0.67,0.69
2025-12-10T04:10:59.958000+00:00,price_change,0.15,BUY,40,0.67,0.69
2025-12-10T04:11:25.566000+00:00,price_change,0.16,BUY,1874,0.67,0.69
2025-12-10T04:12:16.561000+00:00,price_change,0.16,BUY,0,0.67,0.69
2025-12-10T04:12:27.215000+00:00,price_change,0.84,SELL,0,0.67,0.69
2025-12-10T04:12:27.215000+00:00,price_change,0.83,SELL,0,0.67,0.69
2025-12-10T04:12:27.216000+00:00,price_change,0.36,BUY,2040,0.67,0.69
2025-12-10T04:12:33.234000+00:00,price_change,0.82,SELL,0,0.67,0.69
2025-12-10T04:12:33.950000+00:00,price_change,0.86,SELL,167.92,0.67,0.69
2025-12-10T04:13:08.766000+00:00,price_change,0.15,BUY,2038,0.67,0.69
2025-12-10T04:14:27.095000+00:00,price_change,0.65,BUY,336.36,0.67,0.69
2025-12-10T04:14:27.225000+00:00,price_change,0.65,BUY,356.36,0.67,0.69
2025-12-10T04:14:31.075000+00:00,price_change,0.15,BUY,1998,0.67,0.69
2025-12-10T04:14:31.411000+00:00,price_change,0.86,SELL,207.92,0.67,0.69
2025-12-10T04:14:31.420000+00:00,price_change,0.14,BUY,1182,0.67,0.69
2025-12-10T04:14:33.649000+00:00,price_change,0.86,SELL,40,0.67,0.69
2025-12-10T04:14:34.204000+00:00,price_change,0.85,SELL,167.92,0.67,0.69
2025-12-10T04:15:01.324000+00:00,price_change,0.15,BUY,0,0.67,0.69
2025-12-10T04:15:10.964000+00:00,price_change,0.16,BUY,1874,0.67,0.69
2025-12-10T04:15:24.007000+00:00,price_change,0.98,SELL,300,0.67,0.69
2025-12-10T04:15:24.166000+00:00,price_change,0.98,SELL,3323,0.67,0.69
2025-12-10T04:15:24.472000+00:00,price_change,0.28,BUY,0,0.67,0.69
2025-12-10T04:15:24.639000+00:00,price_change,0.28,BUY,3263,0.67,0.69
2025-12-10T04:16:02.328000+00:00,price_change,0.16,BUY,0,0.67,0.69
2025-12-10T04:16:37.434000+00:00,price_change,0.86,SELL,0,0.67,0.69
2025-12-10T04:16:37.434000+00:00,price_change,0.14,BUY,1142,0.67,0.69
2025-12-10T04:16:37.734000+00:00,price_change,0.85,SELL,207.92,0.67,0.69
2025-12-10T04:16:37.750000+00:00,price_change,0.15,BUY,40,0.67,0.69
2025-12-10T04:16:39.338000+00:00,price_change,0.85,SELL,40,0.67,0.69
2025-12-10T04:16:43.408000+00:00,price_change,0.84,SELL,167.92,0.67,0.69
2025-12-10T04:17:02.055000+00:00,price_change,0.65,BUY,336.36,0.67,0.69
2025-12-10T04:17:02.280000+00:00,price_change,0.65,BUY,356.36,0.67,0.69
2025-12-10T04:18:47.172000+00:00,price_change,0.85,SELL,0,0.67,0.69
2025-12-10T04:18:47.173000+00:00,price_change,0.15,BUY,0,0.67,0.69
2025-12-10T04:18:47.487000+00:00,price_change,0.84,SELL,207.92,0.67,0.69
2025-12-10T04:18:47.509000+00:00,price_change,0.14,BUY,1182,0.67,0.69
2025-12-10T04:18:48.158000+00:00,price_change,0.84,SELL,40,0.67,0.69
2025-12-10T04:18:48.836000+00:00,price_change,0.83,SELL,167.92,0.67,0.69
2025-12-10T04:19:12.286000+00:00,price_change,0.17,BUY,1764,0.67,0.69
2025-12-10T04:20:02.132000+00:00,price_change,0.14,BUY,40,0.67,0.69
2025-12-10T04:20:02.788000+00:00,price_change,0.08,BUY,2100,0.67,0.69
2025-12-10T04:20:03.024000+00:00,price_change,0.08,BUY,100,0.67,0.69
2025-12-10T04:20:51.964000+00:00,price_change,0.84,SELL,0,0.67,0.69
2025-12-10T04:20:52.293000+00:00,price_change,0.83,SELL,207.92,0.67,0.69
2025-12-10T04:20:56.914000+00:00,price_change,0.83,SELL,40,0.67,0.69
2025-12-10T04:20:57.435000+00:00,price_change,0.86,SELL,167.92,0.67,0.69
2025-12-10T04:21:51.323000+00:00,price_change,0.87,SELL,440.53,0.67,0.69
2025-12-10T04:21:51.323000+00:00,price_change,0.9,SELL,0,0.67,0.69
2025-12-10T04:22:03.202000+00:00,price_change,0.17,BUY,0,0.67,0.69
2025-12-10T04:22:20.903000+00:00,price_change,0.37,BUY,0,0.67,0.69
2025-12-10T04:22:20.950000+00:00,price_change,0.37,BUY,5,0.67,0.69
2025-12-10T04:22:32.453000+00:00,price_change,0.9,SELL,270,0.67,0.69
2025-12-10T04:22:32.453000+00:00,price_change,0.87,SELL,647.53,0.67,0.69
2025-12-10T04:22:51.258000+00:00,price_change,0.83,SELL,0,0.67,0.69
2025-12-10T04:22:51.259000+00:00,price_change,0.08,BUY,0,0.67,0.69
2025-12-10T04:22:51.259000+00:00,price_change,0.14,BUY,0,0.67,0.69
2025-12-10T04:22:51.687000+00:00,price_change,0.86,SELL,207.92,0.67,0.69
2025-12-10T04:22:51.689000+00:00,price_change,0.07,BUY,200,0.67,0.69
2025-12-10T04:22:51.692000+00:00,price_change,0.17,BUY,40,0.67,0.69
2025-12-10T04:22:54.919000+00:00,price_change,0.86,SELL,40,0.67,0.69
2025-12-10T04:22:55.618000+00:00,price_change,0.85,SELL,167.92,0.67,0.69
2025-12-10T04:23:54.160000+00:00,price_change,0.65,BUY,336.36,0.67,0.69
2025-12-10T04:23:54.263000+00:00,price_change,0.65,BUY,356.36,0.67,0.69
2025-12-10T04:23:54.705000+00:00,price_change,0.65,BUY,336.36,0.67,0.69
2025-12-10T04:23:54.787000+00:00,price_change,0.65,BUY,356.36,0.67,0.69
2025-12-10T04:24:05.223000+00:00,price_change,0.14,BUY,1142,0.67,0.69
2025-12-10T04:24:46.935000+00:00,price_change,0.17,BUY,0,0.67,0.69
2025-12-10T04:24:46.936000+00:00,price_change,0.86,SELL,0,0.67,0.69
2025-12-10T04:24:47.294000+00:00,price_change,0.85,SELL,207.92,0.67,0.69
2025-12-10T04:24:47.322000+00:00,price_change,0.13,BUY,5040,0.67,0.69
2025-12-10T04:24:48.521000+00:00,price_change,0.85,SELL,40,0.67,0.69
2025-12-10T04:24:49.251000+00:00,price_change,0.84,SELL,167.92,0.67,0.69
2025-12-10T04:25:22.616000+00:00,price_change,0.14,BUY,3284,0.67,0.69
2025-12-10T04:26:17.013000+00:00,price_change,0.09,BUY,1776,0.67,0.69
2025-12-10T04:26:46.715000+00:00,price_change,0.13,BUY,5000,0.67,0.69
2025-12-10T04:26:46.715000+00:00,price_change,0.85,SELL,0,0.67,0.69
2025-12-10T04:26:47.020000+00:00,price_change,0.84,SELL,207.92,0.67,0.69
2025-12-10T04:26:47.025000+00:00,price_change,0.14,BUY,3324,0.67,0.69
2025-12-10T04:26:51.715000+00:00,price_change,0.84,SELL,40,0.67,0.69
2025-12-10T04:26:52.350000+00:00,price_change,0.83,SELL,167.92,0.67,0.69
2025-12-10T04:27:39.113000+00:00,price_change,0.09,BUY,4442,0.67,0.69
2025-12-10T04:28:54.838000+00:00,price_change,0.84,SELL,0,0.67,0.69
2025-12-10T04:28:54.838000+00:00,price_change,0.07,BUY,0,0.67,0.69
2025-12-10T04:28:55.299000+00:00,price_change,0.83,SELL,207.92,0.67,0.69
2025-12-10T04:28:55.312000+00:00,price_change,0.09,BUY,4542,0.67,0.69
2025-12-10T04:29:02.040000+00:00,price_change,0.83,SELL,40,0.67,0.69
2025-12-10T04:29:02.759000+00:00,price_change,0.86,SELL,167.92,0.67,0.69
2025-12-10T04:31:11.905000+00:00,price_change,0.83,SELL,0,0.67,0.69
2025-12-10T04:31:12.450000+00:00,price_change,0.86,SELL,207.92,0.67,0.69
2025-12-10T04:31:20.476000+00:00,price_change,0.86,SELL,40,0.67,0.69
2025-12-10T04:31:21.534000+00:00,price_change,0.85,SELL,167.92,0.67,0.69
2025-12-10T04:31:50.902000+00:00,price_change,0.14,BUY,1182,0.67,0.69
2025-12-10T04:33:19.893000+00:00,price_change,0.86,SELL,0,0.67,0.69
2025-12-10T04:33:20.222000+00:00,price_change,0.85,SELL,207.92,0.67,0.69
2025-12-10T04:33:22.201000+00:00,price_change,0.85,SELL,40,0.67,0.69
2025-12-10T04:33:22.942000+00:00,price_change,0.84,SELL,167.92,0.67,0.69
2025-12-10T04:33:30.911000+00:00,price_change,0.15,BUY,1998,0.67,0.69
2025-12-10T04:34:37.508000+00:00,price_change,0.15,BUY,0,0.67,0.69
2025-12-10T04:34:37.642000+00:00,price_change,0.65,BUY,336.36,0.67,0.69
2025-12-10T04:34:37.731000+00:00,price_change,0.65,BUY,316.36,0.67,0.69
2025-12-10T04:34:37.759000+00:00,price_change,0.64,BUY,380,0.67,0.69
2025-12-10T04:34:37.851000+00:00,price_change,0.65,BUY,336.36,0.67,0.69
2025-12-10T04:35:24.119000+00:00,price_change,0.16,BUY,1874,0.67,0.69
2025-12-10T04:35:29.199000+00:00,price_change,0.85,SELL,0,0.67,0.69
2025-12-10T04:35:29.528000+00:00,price_change,0.84,SELL,207.92,0.67,0.69
2025-12-10T04:35:33.882000+00:00,price_change,0.84,SELL,40,0.67,0.69
2025-12-10T04:35:34.518000+00:00,price_change,0.83,SELL,167.92,0.67,0.69
2025-12-10T04:37:03.160000+00:00,price_change,0.16,BUY,0,0.67,0.69
2025-12-10T04:37:26.297000+00:00,price_change,0.84,SELL,0,0.67,0.69
2025-12-10T04:37:26.297000+00:00,price_change,0.14,BUY,1142,0.67,0.69
2025-12-10T04:37:26.615000+00:00,price_change,0.83,SELL,207.92,0.67,0.69
2025-12-10T04:37:26.618000+00:00,price_change,0.16,BUY,40,0.67,0.69
2025-12-10T04:37:28.566000+00:00,price_change,0.83,SELL,40,0.67,0.69
2025-12-10T04:37:29.194000+00:00,price_change,0.86,SELL,167.92,0.67,0.69
2025-12-10T04:37:52.888000+00:00,price_change,0.15,BUY,1998,0.67,0.69
2025-12-10T04:38:00.084000+00:00,price_change,0.87,SELL,440.53,0.67,0.69
2025-12-10T04:38:00.084000+00:00,price_change,0.9,SELL,0,0.67,0.69
2025-12-10T04:38:41.530000+00:00,price_change,0.9,SELL,270,0.67,0.69
2025-12-10T04:38:41.531000+00:00,price_change,0.87,SELL,647.53,0.67,0.69
2025-12-10T04:39:27.295000+00:00,price_change,0.16,BUY,0,0.67,0.69
2025-12-10T04:39:27.296000+00:00,price_change,0.83,SELL,0,0.67,0.69
2025-12-10T04:39:27.623000+00:00,price_change,0.14,BUY,1182,0.67,0.69
2025-12-10T04:39:27.636000+00:00,price_change,0.86,SELL,207.92,0.67,0.69
2025-12-10T04:39:30.299000+00:00,price_change,0.86,SELL,40,0.67,0.69
2025-12-10T04:39:31.131000+00:00,price_change,0.85,SELL,167.92,0.67,0.69
2025-12-10T04:41:32.770000+00:00,price_change,0.14,BUY,1142,0.67,0.69
2025-12-10T04:41:32.771000+00:00,price_change,0.86,SELL,0,0.67,0.69
2025-12-10T04:41:33.115000+00:00,price_change,0.15,BUY,2038,0.67,0.69
2025-12-10T04:41:33.118000+00:00,price_change,0.85,SELL,207.92,0.67,0.69
2025-12-10T04:41:35.015000+00:00,price_change,0.85,SELL,40,0.67,0.69
2025-12-10T04:41:35.669000+00:00,price_change,0.84,SELL,167.92,0.67,0.69
2025-12-10T04:41:40.641000+00:00,price_change,0.15,BUY,40,0.67,0.69
2025-12-10T04:41:47.166000+00:00,price_change,0.16,BUY,1874,0.67,0.69
2025-12-10T04:43:35.370000+00:00,price_change,0.15,BUY,0,0.67,0.69
2025-12-10T04:43:35.371000+00:00,price_change,0.85,SELL,0,0.67,0.69
2025-12-10T04:43:35.734000+00:00,price_change,0.14,BUY,1182,0.67,0.69
2025-12-10T04:43:35.738000+00:00,price_change,0.84,SELL,207.92,0.67,0.69
2025-12-10T04:43:39.137000+00:00,price_change,0.84,SELL,40,0.67,0.69
2025-12-10T04:43:39.822000+00:00,price_change,0.83,SELL,167.92,0.67,0.69
2025-12-10T04:45:30.037000+00:00,price_change,0.64,BUY,370,0.67,0.69
2025-12-10T04:45:30.038000+00:00,price_change,0.73,SELL,154,0.67,0.69
2025-12-10T04:45:35.045000+00:00,price_change,0.84,SELL,0,0.67,0.69
2025-12-10T04:45:35.045000+00:00,price_change,0.14,BUY,1142,0.67,0.69
2025-12-10T04:45:35.394000+00:00,price_change,0.16,BUY,1914,0.67,0.69
2025-12-10T04:45:35.401000+00:00,price_change,0.83,SELL,207.92,0.67,0.69
2025-12-10T04:45:37.185000+00:00,price_change,0.83,SELL,40,0.67,0.69
2025-12-10T04:45:37.778000+00:00,price_change,0.86,SELL,167.92,0.67,0.69
2025-12-10T04:47:22.380000+00:00,price_change,0.16,BUY,40,0.67,0.69
2025-12-10T04:47:36.776000+00:00,price_change,0.83,SELL,0,0.67,0.69
2025-12-10T04:47:37.104000+00:00,price_change,0.86,SELL,207.92,0.67,0.69
2025-12-10T04:47:42.633000+00:00,price_change,0.86,SELL,40,0.67,0.69
2025-12-10T04:47:43.201000+00:00,price_change,0.85,SELL,167.92,0.67,0.69
2025-12-10T04:48:00.541000+00:00,price_change,0.15,BUY,1998,0.67,0.69
2025-12-10T04:48:32.838000+00:00,price_change,0.15,BUY,0,0.67,0.69
2025-12-10T04:48:39.208000+00:00,price_change,0.17,BUY,1764,0.67,0.69
2025-12-10T04:49:36.429000+00:00,price_change,0.86,SELL,0,0.67,0.69
2025-12-10T04:49:36.429000+00:00,price_change,0.16,BUY,0,0.67,0.69
2025-12-10T04:49:36.751000+00:00,price_change,0.14,BUY,1182,0.67,0.69
2025-12-10T04:49:36.760000+00:00,price_change,0.85,SELL,207.92,0.67,0.69
2025-12-10T04:49:37.278000+00:00,price_change,0.85,SELL,40,0.67,0.69
2025-12-10T04:49:37.998000+00:00,price_change,0.86,SELL,167.92,0.67,0.69
2025-12-10T04:49:42.580000+00:00,price_change,0.86,SELL,0,0.67,0.69
2025-12-10T04:49:43.241000+00:00,price_change,0.84,SELL,167.92,0.67,0.69
2025-12-10T04:50:02.319000+00:00,price_change,0.73,SELL,0,0.67,0.69
2025-12-10T04:50:02.416000+00:00,price_change,0.09,BUY,1876,0.67,0.69
2025-12-10T04:50:02.437000+00:00,price_change,0.09,BUY,100,0.67,0.69
2025-12-10T04:50:02.512000+00:00,price_change,0.14,BUY,40,0.67,0.69
2025-12-10T04:50:37.735000+00:00,price_change,0.65,BUY,316.36,0.67,0.69
2025-12-10T04:50:37.825000+00:00,price_change,0.65,BUY,336.36,0.67,0.69
2025-12-10T04:51:45.122000+00:00,price_change,0.14,BUY,0,0.67,0.69
2025-12-10T04:51:45.122000+00:00,price_change,0.85,SELL,0,0.67,0.69
2025-12-10T04:51:45.454000+00:00,price_change,0.84,SELL,207.92,0.67,0.69
2025-12-10T04:51:45.461000+00:00,price_change,0.17,BUY,1804,0.67,0.69
2025-12-10T04:51:47.376000+00:00,price_change,0.84,SELL,40,0.67,0.69
2025-12-10T04:51:48.109000+00:00,price_change,0.83,SELL,167.92,0.67,0.69
2025-12-10T04:53:01.967000+00:00,price_change,0.37,BUY,0,0.67,0.69
2025-12-10T04:53:02.012000+00:00,price_change,0.37,BUY,5,0.67,0.69
2025-12-10T04:53:39.077000+00:00,price_change,0.09,BUY,0,0.67,0.69
2025-12-10T04:53:39.078000+00:00,price_change,0.84,SELL,0,0.67,0.69
2025-12-10T04:53:39.406000+00:00,price_change,0.83,SELL,207.92,0.67,0.69
2025-12-10T04:53:39.423000+00:00,price_change,0.07,BUY,200,0.67,0.69
2025-12-10T04:53:45.865000+00:00,price_change,0.83,SELL,40,0.67,0.69
2025-12-10T04:53:46.517000+00:00,price_change,0.86,SELL,167.92,0.67,0.69
2025-12-10T04:54:06.724000+00:00,price_change,0.14,BUY,1142,0.67,0.69
2025-12-10T04:54:09.535000+00:00,price_change,0.87,SELL,440.53,0.67,0.69
2025-12-10T04:54:09.535000+00:00,price_change,0.9,SELL,0,0.67,0.69
2025-12-10T04:54:27.394000+00:00,price_change,0.17,BUY,40,0.67,0.69
2025-12-10T04:54:52.705000+00:00,price_change,0.9,SELL,270,0.67,0.69
2025-12-10T04:54:52.706000+00:00,price_change,0.87,SELL,647.53,0.67,0.69
2025-12-10T04:55:55.646000+00:00,price_change,0.83,SELL,0,0.67,0.69
2025-12-10T04:55:56.162000+00:00,price_change,0.86,SELL,207.92,0.67,0.69
2025-12-10T04:55:59.585000+00:00,price_change,0.86,SELL,40,0.67,0.69
2025-12-10T04:56:00.319000+00:00,price_change,0.85,SELL,167.92,0.67,0.69
2025-12-10T04:57:12.197000+00:00,price_change,0.1,BUY,2400,0.67,0.69
2025-12-10T04:57:57.278000+00:00,price_change,0.86,SELL,0,0.67,0.69
2025-12-10T04:57:57.279000+00:00,price_change,0.17,BUY,0,0.67,0.69
2025-12-10T04:57:57.835000+00:00,price_change,0.14,BUY,1182,0.67,0.69
2025-12-10T04:57:57.862000+00:00,price_change,0.85,SELL,207.92,0.67,0.69
2025-12-10T04:57:58.003000+00:00,price_change,0.85,SELL,40,0.67,0.69
2025-12-10T04:57:58.568000+00:00,price_change,0.86,SELL,167.92,0.67,0.69
2025-12-10T04:58:02.962000+00:00,price_change,0.86,SELL,0,0.67,0.69
2025-12-10T04:58:03.547000+00:00,price_change,0.84,SELL,167.92,0.67,0.69
2025-12-10T04:58:17.437000+00:00,price_change,0.15,BUY,1998,0.67,0.69
2025-12-10T04:58:34.909000+00:00,price_change,0.1,BUY,4000,0.67,0.69
2025-12-10T04:58:37.797000+00:00,price_change,0.98,SELL,300,0.67,0.69
2025-12-10T04:58:37.956000+00:00,price_change,0.98,SELL,3342,0.67,0.69
2025-12-10T04:58:38.252000+00:00,price_change,0.28,BUY,0,0.67,0.69
2025-12-10T04:58:38.411000+00:00,price_change,0.28,BUY,3260,0.67,0.69
2025-12-10T05:00:00.531000+00:00,price_change,0.85,SELL,0,0.67,0.69
2025-12-10T05:00:01.095000+00:00,price_change,0.84,SELL,207.92,0.67,0.69
2025-12-10T05:00:01.253000+00:00,price_change,0.84,SELL,40,0.67,0.69
2025-12-10T05:00:01.897000+00:00,price_change,0.86,SELL,167.92,0.67,0.69
2025-12-10T05:00:06.359000+00:00,price_change,0.86,SELL,0,0.67,0.69
2025-12-10T05:00:06.913000+00:00,price_change,0.83,SELL,167.92,0.67,0.69
2025-12-10T05:01:01.316000+00:00,price_change,0.15,BUY,0,0.67,0.69
2025-12-10T05:01:10.959000+00:00,price_change,0.83,SELL,177.92,0.67,0.69
2025-12-10T05:01:11.039000+00:00,price_change,0.64,BUY,380,0.67,0.69
2025-12-10T05:01:11.160000+00:00,price_change,0.65,BUY,316.36,0.67,0.69
2025-12-10T05:01:11.339000+00:00,price_change,0.65,BUY,336.36,0.67,0.69
2025-12-10T05:01:16.541000+00:00,price_change,0.16,BUY,1874,0.67,0.69
2025-12-10T05:02:03.964000+00:00,price_change,0.14,BUY,1142,0.67,0.69
2025-12-10T05:02:03.965000+00:00,price_change,0.84,SELL,0,0.67,0.69
2025-12-10T05:02:04.290000+00:00,price_change,0.15,BUY,40,0.67,0.69
2025-12-10T05:02:04.308000+00:00,price_change,0.83,SELL,217.92,0.67,0.69
2025-12-10T05:02:09.269000+00:00,price_change,0.83,SELL,50,0.67,0.69
2025-12-10T05:02:10.183000+00:00,price_change,0.86,SELL,167.92,0.67,0.69
2025-12-10T05:03:54.153000+00:00,price_change,0.64,BUY,350,0.67,0.69
2025-12-10T05:04:02.579000+00:00,price_change,0.15,BUY,0,0.67,0.69
2025-12-10T05:04:02.581000+00:00,price_change,0.83,SELL,10,0.67,0.69
2025-12-10T05:04:02.935000+00:00,price_change,0.86,SELL,207.92,0.67,0.69
2025-12-10T05:04:02.953000+00:00,price_change,0.16,BUY,1914,0.67,0.69
2025-12-10T05:04:07.332000+00:00,price_change,0.86,SELL,40,0.67,0.69
2025-12-10T05:04:08.098000+00:00,price_change,0.85,SELL,167.92,0.67,0.69
2025-12-10T05:04:15.050000+00:00,price_change,0.83,SELL,0,0.67,0.69
2025-12-10T05:04:15.137000+00:00,price_change,0.85,SELL,177.92,0.67,0.69
2025-12-10T05:05:13.939000+00:00,price_change,0.16,BUY,40,0.67,0.69
2025-12-10T05:05:38.748000+00:00,price_change,0.15,BUY,1998,0.67,0.69
2025-12-10T05:06:06.531000+00:00,price_change,0.86,SELL,0,0.67,0.69
2025-12-10T05:06:07.073000+00:00,price_change,0.85,SELL,217.92,0.67,0.69
2025-12-10T05:06:10.162000+00:00,price_change,0.85,SELL,50,0.67,0.69
2025-12-10T05:06:10.903000+00:00,price_change,0.84,SELL,167.92,0.67,0.69
2025-12-10T05:06:11.944000+00:00,price_change,0.85,SELL,40,0.67,0.69
2025-12-10T05:06:12.030000+00:00,price_change,0.84,SELL,177.92,0.67,0.69
2025-12-10T05:08:12.580000+00:00,price_change,0.85,SELL,0,0.67,0.69
2025-12-10T05:08:12.581000+00:00,price_change,0.16,BUY,0,0.67,0.69
2025-12-10T05:08:12.896000+00:00,price_change,0.84,SELL,217.92,0.67,0.69
2025-12-10T05:08:12.898000+00:00,price_change,0.15,BUY,2038,0.67,0.69
2025-12-10T05:08:13.427000+00:00,price_change,0.84,SELL,50,0.67,0.69
2025-12-10T05:08:14.150000+00:00,price_change,0.83,SELL,167.92,0.67,0.69
2025-12-10T05:08:16.492000+00:00,price_change,0.84,SELL,40,0.67,0.69
2025-12-10T05:08:16.574000+00:00,price_change,0.83,SELL,177.92,0.67,0.69
2025-12-10T05:10:13.979000+00:00,price_change,0.84,SELL,0,0.67,0.69
2025-12-10T05:10:14.504000+00:00,price_change,0.83,SELL,217.92,0.67,0.69
2025-12-10T05:10:16.062000+00:00,price_change,0.83,SELL,50,0.67,0.69
2025-12-10T05:10:16.866000+00:00,price_change,0.86,SELL,167.92,0.67,0.69
2025-12-10T05:10:18.686000+00:00,price_change,0.87,SELL,440.53,0.67,0.69
2025-12-10T05:10:18.686000+00:00,price_change,0.9,SELL,0,0.67,0.69
2025-12-10T05:10:23.624000+00:00,price_change,0.15,BUY,40,0.67,0.69
2025-12-10T05:10:41.673000+00:00,price_change,0.16,BUY,1874,0.67,0.69
2025-12-10T05:11:01.921000+00:00,price_change,0.87,SELL,647.53,0.67,0.69
2025-12-10T05:11:01.922000+00:00,price_change,0.9,SELL,270,0.67,0.69
2025-12-10T05:11:41.485000+00:00,price_change,0.65,BUY,316.36,0.67,0.69
2025-12-10T05:11:41.640000+00:00,price_change,0.65,BUY,336.36,0.67,0.69
2025-12-10T05:11:41.645000+00:00,price_change,0.64,BUY,330,0.67,0.69
2025-12-10T05:11:42.021000+00:00,price_change,0.64,BUY,350,0.67,0.69
2025-12-10T05:12:24.527000+00:00,price_change,0.83,SELL,10,0.67,0.69
2025-12-10T05:12:24.528000+00:00,price_change,0.15,BUY,0,0.67,0.69
2025-12-10T05:12:24.879000+00:00,price_change,0.86,SELL,207.92,0.67,0.69
2025-12-10T05:12:24.884000+00:00,price_change,0.14,BUY,1182,0.67,0.69
2025-12-10T05:12:27.337000+00:00,price_change,0.86,SELL,40,0.67,0.69
2025-12-10T05:12:28.089000+00:00,price_change,0.85,SELL,167.92,0.67,0.69
2025-12-10T05:12:34.651000+00:00,price_change,0.83,SELL,0,0.67,0.69
2025-12-10T05:12:34.701000+00:00,price_change,0.85,SELL,177.92,0.67,0.69
2025-12-10T05:13:47.641000+00:00,price_change,0.16,BUY,0,0.67,0.69
2025-12-10T05:14:16.863000+00:00,price_change,0.15,BUY,1998,0.67,0.69
2025-12-10T05:14:23.550000+00:00,price_change,0.14,BUY,1142,0.67,0.69
2025-12-10T05:14:23.551000+00:00,price_change,0.86,SELL,0,0.67,0.69
2025-12-10T05:14:23.875000+00:00,price_change,0.16,BUY,40,0.67,0.69
2025-12-10T05:14:23.886000+00:00,price_change,0.85,SELL,217.92,0.67,0.69
2025-12-10T05:14:24.453000+00:00,price_change,0.85,SELL,50,0.67,0.69
2025-12-10T05:14:25.169000+00:00,price_change,0.84,SELL,167.92,0.67,0.69
2025-12-10T05:14:41+00:00,price_change,0.85,SELL,40,0.67,0.69
2025-12-10T05:14:41.087000+00:00,price_change,0.84,SELL,177.92,0.67,0.69
2025-12-10T05:15:32.762000+00:00,price_change,0.15,BUY,0,0.67,0.69
2025-12-10T05:15:59.736000+00:00,price_change,0.17,BUY,1764,0.67,0.69
2025-12-10T05:16:32.733000+00:00,price_change,0.16,BUY,0,0.67,0.69
2025-12-10T05:16:32.733000+00:00,price_change,0.85,SELL,0,0.67,0.69
2025-12-10T05:16:33.070000+00:00,price_change,0.15,BUY,40,0.67,0.69
2025-12-10T05:16:33.073000+00:00,price_change,0.84,SELL,217.92,0.67,0.69
2025-12-10T05:16:34.254000+00:00,price_change,0.84,SELL,50,0.67,0.69
2025-12-10T05:16:34.951000+00:00,price_change,0.83,SELL,167.92,0.67,0.69
2025-12-10T05:16:52.729000+00:00,price_change,0.84,SELL,40,0.67,0.69
2025-12-10T05:16:52.816000+00:00,price_change,0.83,SELL,177.92,0.67,0.69
2025-12-10T05:18:34.747000+00:00,price_change,0.17,BUY,0,0.67,0.69
2025-12-10T05:18:36.150000+00:00,price_change,0.84,SELL,0,0.67,0.69
2025-12-10T05:18:36.151000+00:00,price_change,0.15,BUY,0,0.67,0.69
2025-12-10T05:18:36.447000+00:00,price_change,0.17,BUY,40,0.67,0.69
2025-12-10T05:18:36.452000+00:00,price_change,0.83,SELL,217.92,0.67,0.69
2025-12-10T05:18:37.461000+00:00,price_change,0.83,SELL,50,0.67,0.69
2025-12-10T05:18:38.257000+00:00,price_change,0.86,SELL,167.92,0.67,0.69
2025-12-10T05:20:02.535000+00:00,price_change,0.1,BUY,2400,0.67,0.69
2025-12-10T05:20:02.575000+00:00,price_change,0.1,BUY,0,0.67,0.69
2025-12-10T05:20:02.794000+00:00,price_change,0.14,BUY,0,0.67,0.69
2025-12-10T05:20:35.782000+00:00,price_change,0.17,BUY,0,0.67,0.69
2025-12-10T05:20:35.782000+00:00,price_change,0.83,SELL,10,0.67,0.69
2025-12-10T05:20:36.158000+00:00,price_change,0.86,SELL,207.92,0.67,0.69
2025-12-10T05:20:36.172000+00:00,price_change,0.14,BUY,40,0.67,0.69
2025-12-10T05:20:41.858000+00:00,price_change,0.86,SELL,40,0.67,0.69
2025-12-10T05:20:42.920000+00:00,price_change,0.85,SELL,167.92,0.67,0.69
2025-12-10T05:20:52.543000+00:00,price_change,0.83,SELL,0,0.67,0.69
2025-12-10T05:20:52.629000+00:00,price_change,0.85,SELL,177.92,0.67,0.69
2025-12-10T05:22:14.788000+00:00,price_change,0.65,BUY,316.36,0.67,0.69
2025-12-10T05:22:14.961000+00:00,price_change,0.65,BUY,336.36,0.67,0.69
2025-12-10T05:22:43.074000+00:00,price_change,0.14,BUY,0,0.67,0.69
2025-12-10T05:22:43.074000+00:00,price_change,0.86,SELL,0,0.67,0.69
2025-12-10T05:22:43.620000+00:00,price_change,0.13,BUY,5040,0.67,0.69
2025-12-10T05:22:43.634000+00:00,price_change,0.85,SELL,217.92,0.67,0.69
2025-12-10T05:22:47.967000+00:00,price_change,0.85,SELL,50,0.67,0.69
2025-12-10T05:22:48.744000+00:00,price_change,0.84,SELL,167.92,0.67,0.69
2025-12-10T05:22:58.674000+00:00,price_change,0.85,SELL,40,0.67,0.69
2025-12-10T05:22:58.790000+00:00,price_change,0.84,SELL,177.92,0.67,0.69
2025-12-10T05:23:39.598000+00:00,price_change,0.37,BUY,0,0.67,0.69
2025-12-10T05:23:39.643000+00:00,price_change,0.37,BUY,5,0.67,0.69
2025-12-10T05:24:08.211000+00:00,price_change,0.18,BUY,0,0.67,0.69
2025-12-10T05:24:09.515000+00:00,price_change,0.14,BUY,8.91,0.67,0.69
2025-12-10T05:24:13.349000+00:00,price_change,0.14,BUY,1150.91,0.67,0.69
2025-12-10T05:24:50.598000+00:00,price_change,0.85,SELL,0,0.67,0.69
2025-12-10T05:24:51.151000+00:00,price_change,0.84,SELL,217.92,0.67,0.69
2025-12-10T05:24:54.241000+00:00,price_change,0.84,SELL,50,0.67,0.69
2025-12-10T05:24:54.798000+00:00,price_change,0.83,SELL,167.92,0.67,0.69
2025-12-10T05:24:59.025000+00:00,price_change,0.14,BUY,1142,0.67,0.69
2025-12-10T05:24:59.494000+00:00,price_change,0.15,BUY,8.01,0.67,0.69
2025-12-10T05:25:09.402000+00:00,price_change,0.84,SELL,40,0.67,0.69
2025-12-10T05:25:09.485000+00:00,price_change,0.83,SELL,177.92,0.67,0.69
2025-12-10T05:25:09.709000+00:00,price_change,0.08,BUY,3000,0.67,0.69
2025-12-10T05:25:57.252000+00:00,price_change,0.64,BUY,380,0.67,0.69
2025-12-10T05:26:22.088000+00:00,price_change,0.9,SELL,0,0.67,0.69
2025-12-10T05:26:22.088000+00:00,price_change,0.87,SELL,440.53,0.67,0.69
2025-12-10T05:26:54.709000+00:00,price_change,0.84,SELL,0,0.67,0.69
2025-12-10T05:26:54.709000+00:00,price_change,0.13,BUY,5000,0.67,0.69
2025-12-10T05:26:55.291000+00:00,price_change,0.83,SELL,217.92,0.67,0.69
2025-12-10T05:26:55.307000+00:00,price_change,0.14,BUY,1182,0.67,0.69
2025-12-10T05:26:56.891000+00:00,price_change,0.14,BUY,3324,0.67,0.69
2025-12-10T05:26:58.288000+00:00,price_change,0.83,SELL,50,0.67,0.69
2025-12-10T05:26:58.901000+00:00,price_change,0.86,SELL,167.92,0.67,0.69
2025-12-10T05:27:02.988000+00:00,price_change,0.87,SELL,647.53,0.67,0.69
2025-12-10T05:27:04.850000+00:00,price_change,0.9,SELL,270,0.67,0.69
2025-12-10T05:28:57.868000+00:00,price_change,0.07,BUY,0,0.67,0.69
2025-12-10T05:28:57.869000+00:00,price_change,0.83,SELL,10,0.67,0.69
2025-12-10T05:28:58.202000+00:00,price_change,0.08,BUY,3100,0.67,0.69
2025-12-10T05:28:58.221000+00:00,price_change,0.86,SELL,207.92,0.67,0.69
2025-12-10T05:28:59.217000+00:00,price_change,0.86,SELL,40,0.67,0.69
2025-12-10T05:28:59.855000+00:00,price_change,0.85,SELL,167.92,0.67,0.69
2025-12-10T05:29:28.629000+00:00,price_change,0.83,SELL,0,0.67,0.69
2025-12-10T05:29:28.720000+00:00,price_change,0.85,SELL,177.92,0.67,0.69
2025-12-10T05:31:07.545000+00:00,price_change,0.86,SELL,0,0.67,0.69
2025-12-10T05:31:07.865000+00:00,price_change,0.85,SELL,217.92,0.67,0.69
2025-12-10T05:31:20.269000+00:00,price_change,0.85,SELL,50,0.67,0.69
2025-12-10T05:31:21.364000+00:00,price_change,0.84,SELL,167.92,0.67,0.69
2025-12-10T05:31:36.659000+00:00,price_change,0.85,SELL,40,0.67,0.69
2025-12-10T05:31:36.765000+00:00,price_change,0.84,SELL,177.92,0.67,0.69
2025-12-10T05:32:06.166000+00:00,price_change,0.08,BUY,5100,0.67,0.69
2025-12-10T05:33:02.772000+00:00,price_change,0.65,BUY,316.36,0.67,0.69
2025-12-10T05:33:02.871000+00:00,price_change,0.65,BUY,336.36,0.67,0.69
2025-12-10T05:33:02.886000+00:00,price_change,0.64,BUY,360,0.67,0.69
2025-12-10T05:33:03.091000+00:00,price_change,0.64,BUY,380,0.67,0.69
2025-12-10T05:33:14.193000+00:00,price_change,0.85,SELL,0,0.67,0.69
2025-12-10T05:33:14.485000+00:00,price_change,0.87,SELL,687.53,0.67,0.69
2025-12-10T05:33:16.146000+00:00,price_change,0.84,SELL,10,0.67,0.69
2025-12-10T05:33:16.707000+00:00,price_change,0.86,SELL,167.92,0.67,0.69
2025-12-10T05:33:29.024000+00:00,price_change,0.84,SELL,0,0.67,0.69
2025-12-10T05:33:29.113000+00:00,price_change,0.86,SELL,177.92,0.67,0.69
2025-12-10T05:35:17.844000+00:00,price_change,0.87,SELL,647.53,0.67,0.69
2025-12-10T05:35:18.208000+00:00,price_change,0.86,SELL,217.92,0.67,0.69
2025-12-10T05:35:40.435000+00:00,price_change,0.86,SELL,50,0.67,0.69
2025-12-10T05:35:41.273000+00:00,price_change,0.85,SELL,167.92,0.67,0.69
2025-12-10T05:35:43.248000+00:00,price_change,0.86,SELL,40,0.67,0.69
2025-12-10T05:35:43.333000+00:00,price_change,0.85,SELL,177.92,0.67,0.69
2025-12-10T05:36:28.970000+00:00,price_change,0.64,BUY,360,0.67,0.69
2025-12-10T05:39:13.276000+00:00,price_change,0.86,SELL,0,0.67,0.69
2025-12-10T05:39:13.580000+00:00,price_change,0.85,SELL,217.92,0.67,0.69
2025-12-10T05:39:14.399000+00:00,price_change,0.85,SELL,50,0.67,0.69
2025-12-10T05:39:15.100000+00:00,price_change,0.84,SELL,167.92,0.67,0.69
2025-12-10T05:39:27.005000+00:00,price_change,0.98,SELL,300,0.67,0.69
2025-12-10T05:39:27.172000+00:00,price_change,0.98,SELL,3302,0.67,0.69
2025-12-10T05:39:27.485000+00:00,price_change,0.28,BUY,0,0.67,0.69
2025-12-10T05:39:27.648000+00:00,price_change,0.28,BUY,3257,0.67,0.69
2025-12-10T05:39:38.144000+00:00,price_change,0.85,SELL,40,0.67,0.69
2025-12-10T05:39:38.237000+00:00,price_change,0.84,SELL,177.92,0.67,0.69
2025-12-10T05:41:20.754000+00:00,price_change,0.85,SELL,0,0.67,0.69
2025-12-10T05:41:21.302000+00:00,price_change,0.84,SELL,217.92,0.67,0.69
2025-12-10T05:41:26.216000+00:00,price_change,0.84,SELL,50,0.67,0.69
2025-12-10T05:41:26.793000+00:00,price_change,0.83,SELL,167.92,0.67,0.69
2025-12-10T05:41:27.721000+00:00,price_change,0.84,SELL,40,0.67,0.69
2025-12-10T05:41:27.812000+00:00,price_change,0.83,SELL,177.92,0.67,0.69
2025-12-10T05:41:46.342000+00:00,price_change,0.9,SELL,0,0.67,0.69
2025-12-10T05:41:46.342000+00:00,price_change,0.87,SELL,440.53,0.67,0.69
2025-12-10T05:41:46.453000+00:00,price_change,0.64,BUY,380,0.67,0.69
2025-12-10T05:42:30.790000+00:00,price_change,0.9,SELL,270,0.67,0.69
2025-12-10T05:42:30.791000+00:00,price_change,0.87,SELL,647.53,0.67,0.69
2025-12-10T05:43:20.087000+00:00,price_change,0.84,SELL,0,0.67,0.69
2025-12-10T05:43:20.425000+00:00,price_change,0.83,SELL,217.92,0.67,0.69
2025-12-10T05:43:23.175000+00:00,price_change,0.83,SELL,50,0.67,0.69
2025-12-10T05:43:23.858000+00:00,price_change,0.86,SELL,167.92,0.67,0.69
2025-12-10T05:43:33.245000+00:00,price_change,0.65,BUY,316.36,0.67,0.69
2025-12-10T05:43:33.450000+00:00,price_change,0.65,BUY,336.36,0.67,0.69
2025-12-10T05:45:18.056000+00:00,price_change,0.83,SELL,10,0.67,0.69
2025-12-10T05:45:18.659000+00:00,price_change,0.86,SELL,207.92,0.67,0.69
2025-12-10T05:45:19.750000+00:00,price_change,0.83,SELL,0,0.67,0.69
2025-12-10T05:45:19.835000+00:00,price_change,0.86,SELL,217.92,0.67,0.69
2025-12-10T05:45:20.688000+00:00,price_change,0.86,SELL,50,0.67,0.69
2025-12-10T05:45:21.606000+00:00,price_change,0.85,SELL,167.92,0.67,0.69
2025-12-10T05:47:13.754000+00:00,price_change,0.86,SELL,10,0.67,0.69
2025-12-10T05:47:14.068000+00:00,price_change,0.85,SELL,207.92,0.67,0.69
2025-12-10T05:47:15.878000+00:00,price_change,0.85,SELL,40,0.67,0.69
2025-12-10T05:47:16.600000+00:00,price_change,0.84,SELL,167.92,0.67,0.69
2025-12-10T05:47:33.749000+00:00,price_change,0.86,SELL,0,0.67,0.69
2025-12-10T05:47:33.841000+00:00,price_change,0.84,SELL,177.92,0.67,0.69
2025-12-10T05:49:16.923000+00:00,price_change,0.85,SELL,0,0.67,0.69
2025-12-10T05:49:17.500000+00:00,price_change,0.84,SELL,217.92,0.67,0.69
2025-12-10T05:49:19.746000+00:00,price_change,0.84,SELL,50,0.67,0.69
2025-12-10T05:49:20.344000+00:00,price_change,0.83,SELL,167.92,0.67,0.69
2025-12-10T05:49:22.552000+00:00,price_change,0.84,SELL,40,0.67,0.69
2025-12-10T05:49:22.633000+00:00,price_change,0.83,SELL,177.92,0.67,0.69
2025-12-10T05:50:02.698000+00:00,price_change,0.08,BUY,3100,0.67,0.69
2025-12-10T05:50:02.800000+00:00,price_change,0.14,BUY,2182,0.67,0.69
2025-12-10T05:50:02.855000+00:00,price_change,0.08,BUY,100,0.67,0.69
2025-12-10T05:51:14.888000+00:00,price_change,0.84,SELL,0,0.67,0.69
2025-12-10T05:51:15.218000+00:00,price_change,0.83,SELL,217.92,0.67,0.69
2025-12-10T05:51:18.971000+00:00,price_change,0.83,SELL,50,0.67,0.69
2025-12-10T05:51:19.618000+00:00,price_change,0.86,SELL,167.92,0.67,0.69
2025-12-10T05:51:30.397000+00:00,price_change,0.09,BUY,1776,0.67,0.69
2025-12-10T05:53:12.926000+00:00,price_change,0.08,BUY,0,0.67,0.69
2025-12-10T05:53:12.927000+00:00,price_change,0.83,SELL,10,0.67,0.69
2025-12-10T05:53:13.514000+00:00,price_change,0.86,SELL,207.92,0.67,0.69
2025-12-10T05:53:13.536000+00:00,price_change,0.07,BUY,200,0.67,0.69
2025-12-10T05:53:15.361000+00:00,price_change,0.86,SELL,40,0.67,0.69
2025-12-10T05:53:15.949000+00:00,price_change,0.85,SELL,167.92,0.67,0.69
2025-12-10T05:53:16.369000+00:00,price_change,0.83,SELL,0,0.67,0.69
2025-12-10T05:53:16.467000+00:00,price_change,0.85,SELL,177.92,0.67,0.69
2025-12-10T05:54:05.589000+00:00,price_change,0.65,BUY,316.36,0.67,0.69
2025-12-10T05:54:05.622000+00:00,price_change,0.65,BUY,336.36,0.67,0.69
