timestamp,event_type,price,side,size,best_bid,best_ask
1764454168947,book,0.18,BUY,673.62,0.18,0.21
1764454168947,book,0.21,SELL,95,0.18,0.21
1764454434983,book,0.18,BUY,673.62,0.18,0.21
1764454434983,book,0.21,SELL,95,0.18,0.21
1764454645937,price_change,0.08,BUY,0,0.18,0.21
1764454645937,price_change,0.14,BUY,335,0.18,0.21
1764454645937,price_change,0.17,BUY,312.79,0.18,0.21
1764454645937,price_change,0.11,BUY,0,0.18,0.21
1764454707037,price_change,0.29,SELL,0,0.18,0.21
1764454707051,price_change,0.32,SELL,0,0.18,0.21
1764454707174,price_change,0.3,SELL,25,0.18,0.21
1764454707300,price_change,0.49,SELL,30,0.18,0.21
1764454745695,price_change,0.74,SELL,1230,0.18,0.21
1764454776060,price_change,0.24,SELL,1363.31,0.18,0.21
1764454776410,price_change,0.24,SELL,1383.31,0.18,0.21
1764454802195,price_change,0.94,SELL,0,0.18,0.21
1764454802432,price_change,0.84,SELL,0,0.18,0.21
1764454802970,price_change,0.82,SELL,0,0.18,0.21
1764454805577,price_change,0.17,BUY,441.79,0.18,0.21
1764454807478,price_change,0.14,BUY,492,0.18,0.21
1764454807480,price_change,0.11,BUY,199,0.18,0.21
1764454807481,price_change,0.08,BUY,274,0.18,0.21
1764455077809,price_change,0.82,SELL,888,0.18,0.21
1764455171000,price_change,0.31,SELL,63.78,0.18,0.21
1764455196184,price_change,0.3,SELL,5,0.18,0.21
1764455196301,price_change,0.29,SELL,20,0.18,0.21
1764455196450,price_change,0.64,SELL,0,0.18,0.21
1764455196497,price_change,0.64,SELL,5,0.18,0.21
1764455217965,price_change,0.02,BUY,0,0.18,0.21
1764455218143,price_change,0.02,BUY,3041,0.18,0.21
1764455218478,price_change,0.65,SELL,0,0.18,0.21
1764455218658,price_change,0.65,SELL,3188,0.18,0.21
1764455244056,price_change,0.84,SELL,1000,0.18,0.21
1764455312167,price_change,0.26,SELL,104.7,0.18,0.21
1764455482839,price_change,0.94,SELL,3998,0.18,0.21
1764480043675,book,0.18,BUY,673.62,0.18,0.21
1764480043675,book,0.21,SELL,95,0.18,0.21
1764480224002,price_change,0.25,SELL,129.48,0.18,0.21
1764480226470,price_change,0.25,SELL,149.48,0.18,0.21
1764480295891,price_change,0.82,SELL,888,0.18,0.21
1764480321813,price_change,0.93,SELL,0,0.18,0.21
1764480322527,price_change,0.94,SELL,9.31,0.18,0.21
1764480482002,price_change,0.26,SELL,116.61,0.18,0.21
1764480482003,price_change,0.27,SELL,246.6,0.18,0.21
1764480482065,price_change,0.26,SELL,205.94,0.18,0.21
1764480482112,price_change,0.27,SELL,260.44,0.18,0.21
1764480540955,price_change,0.94,SELL,4007.31,0.18,0.21
1764480714764,price_change,0.02,BUY,0,0.18,0.21
1764480714935,price_change,0.02,BUY,3043,0.18,0.21
1764480715225,price_change,0.63,SELL,0,0.18,0.21
1764480715391,price_change,0.63,SELL,3025,0.18,0.21
1764480723443,price_change,0.84,SELL,1000,0.18,0.21
1764481054200,price_change,0.14,BUY,335,0.18,0.21
1764481054200,price_change,0.11,BUY,0,0.18,0.21
1764481054200,price_change,0.08,BUY,0,0.18,0.21
1764481054200,price_change,0.17,BUY,312.79,0.18,0.21
1764481066817,price_change,0.24,SELL,1365.91,0.18,0.21
1764481066817,price_change,0.15,BUY,332.2,0.18,0.21
1764481198233,price_change,0.08,BUY,274,0.18,0.21
1764481198234,price_change,0.14,BUY,492,0.18,0.21
1764481198236,price_change,0.17,BUY,441.79,0.18,0.21
1764481198237,price_change,0.11,BUY,199,0.18,0.21
1764481373506,price_change,0.62,SELL,0,0.18,0.21
1764481373563,price_change,0.62,SELL,5,0.18,0.21
1764481802220,price_change,0.82,SELL,0,0.18,0.21
1764481802305,price_change,0.84,SELL,0,0.18,0.21
1764481802376,price_change,0.94,SELL,9.31,0.18,0.21
1764481808183,price_change,0.15,BUY,342.2,0.18,0.21
1764481808236,price_change,0.24,SELL,1375.91,0.18,0.21
1764481809000,price_change,0.25,SELL,129.48,0.18,0.21
1764481815486,price_change,0.25,SELL,149.48,0.18,0.21
1764481847743,price_change,0.25,SELL,5149.48,0.18,0.21
1764481847842,price_change,0.28,SELL,0,0.18,0.21
1764481876436,price_change,0.19,SELL,82,0.18,0.19
1764481876466,price_change,0.25,SELL,5060,0.18,0.19
1764481876466,price_change,0.24,SELL,1355.39,0.18,0.19
1764481877727,price_change,0.21,SELL,0,0.18,0.19
1764481882263,price_change,0.22,SELL,100,0.18,0.19
1764481893771,price_change,0.24,SELL,1345.39,0.18,0.19
1764481893865,price_change,0.23,SELL,210,0.18,0.19
1764481901728,price_change,0.19,SELL,0,0.18,0.22
1764481901728,book,0.18,BUY,673.62,0.18,0.22
1764481901728,book,0.22,SELL,100,0.18,0.22
1764481901758,price_change,0.24,SELL,1365.91,0.18,0.22
1764481901788,price_change,0.25,SELL,5149.48,0.18,0.22
1764481901820,price_change,0.26,SELL,429.27,0.18,0.22
1764481902091,price_change,0.25,SELL,5129.48,0.18,0.22
1764481902216,price_change,0.26,SELL,449.27,0.18,0.22
1764481902514,price_change,0.21,SELL,95,0.18,0.21
1764481902541,price_change,0.26,SELL,225.94,0.18,0.21
1764481904595,price_change,0.22,SELL,0,0.18,0.21
1764481918673,price_change,0.23,SELL,200,0.18,0.21
1764481918728,price_change,0.24,SELL,1375.91,0.18,0.21
1764482081774,price_change,0.82,SELL,888,0.18,0.21
1764482172734,price_change,0.25,SELL,5305.57,0.18,0.21
1764482176386,price_change,0.29,SELL,0,0.18,0.21
1764482176437,price_change,0.29,SELL,20,0.18,0.21
1764482244660,price_change,0.11,BUY,0,0.18,0.21
1764482244660,price_change,0.17,BUY,312.79,0.18,0.21
1764482244660,price_change,0.14,BUY,335,0.18,0.21
1764482244660,price_change,0.08,BUY,0,0.18,0.21
1764482273116,price_change,0.25,SELL,5129.48,0.18,0.21
1764482273179,price_change,0.25,SELL,5219.48,0.18,0.21
1764482275581,price_change,0.25,SELL,5129.48,0.18,0.21
1764482275601,price_change,0.25,SELL,5109.48,0.18,0.21
1764482275694,price_change,0.26,SELL,245.94,0.18,0.21
1764482285753,price_change,0.84,SELL,1000,0.18,0.21
1764482306601,price_change,0.26,SELL,156.61,0.18,0.21
1764482313385,price_change,0.27,SELL,335.92,0.18,0.21
1764482390991,price_change,0.14,BUY,492,0.18,0.21
1764482390992,price_change,0.11,BUY,199,0.18,0.21
1764482390994,price_change,0.17,BUY,441.79,0.18,0.21
1764482390995,price_change,0.08,BUY,274,0.18,0.21
1764482461147,price_change,0.94,SELL,4007.31,0.18,0.21
1764482507047,price_change,0.25,SELL,5089.48,0.18,0.21
1764482766028,price_change,0.24,SELL,1475.91,0.18,0.21
1764482774256,price_change,0.24,SELL,1375.91,0.18,0.21
1764482847820,price_change,0.24,SELL,1475.91,0.18,0.21
1764482932426,price_change,0.25,SELL,5109.48,0.18,0.21
1764483120593,price_change,0.24,SELL,1375.91,0.18,0.21
1764483120897,price_change,0.26,SELL,136.61,0.18,0.21
1764483120940,price_change,0.25,SELL,5129.48,0.18,0.21
1764483138230,price_change,0.24,SELL,1475.91,0.18,0.21
1764483235666,price_change,0.08,BUY,0,0.18,0.21
1764483235666,price_change,0.17,BUY,312.79,0.18,0.21
1764483235666,price_change,0.11,BUY,0,0.18,0.21
1764483235666,price_change,0.14,BUY,335,0.18,0.21
1764483334683,price_change,0.62,SELL,0,0.18,0.21
1764483334732,price_change,0.49,SELL,5,0.18,0.21
1764483362739,price_change,0.74,SELL,0,0.18,0.21
1764483397206,price_change,0.17,BUY,459.79,0.18,0.21
1764483397208,price_change,0.08,BUY,312,0.18,0.21
1764483397209,price_change,0.14,BUY,513,0.18,0.21
1764483397210,price_change,0.11,BUY,227,0.18,0.21
1764483408299,price_change,0.02,BUY,0,0.18,0.21
1764483408501,price_change,0.02,BUY,3025,0.18,0.21
1764483408799,price_change,0.63,SELL,0,0.18,0.21
1764483408959,price_change,0.63,SELL,3033,0.18,0.21
1764483409001,price_change,0.71,SELL,30,0.18,0.21
1764483409469,price_change,0.71,SELL,0,0.18,0.21
1764483602700,price_change,0.82,SELL,0,0.18,0.21
1764483602816,price_change,0.94,SELL,9.31,0.18,0.21
1764483602861,price_change,0.84,SELL,0,0.18,0.21
1764483603067,price_change,0.24,SELL,1375.91,0.18,0.21
1764483614464,price_change,0.15,BUY,332.2,0.18,0.21
1764483614464,price_change,0.24,SELL,1365.91,0.18,0.21
1764483690621,price_change,0.24,SELL,1465.91,0.18,0.21
1764483694750,price_change,0.73,SELL,1184,0.18,0.21
1764483778116,price_change,0.73,SELL,0,0.18,0.21
1764483798577,price_change,0.74,SELL,1230,0.18,0.21
1764483844600,price_change,0.94,SELL,4007.31,0.18,0.21
1764483887193,price_change,0.82,SELL,888,0.18,0.21
1764483930642,price_change,0.94,SELL,3998,0.18,0.21
1764483932552,price_change,0.93,SELL,7.98,0.18,0.21
1764484080809,price_change,0.24,SELL,1365.91,0.18,0.21
1764484113492,price_change,0.84,SELL,1000,0.18,0.21
1764484150221,price_change,0.24,SELL,1465.91,0.18,0.21
1764484448667,price_change,0.74,SELL,0,0.18,0.21
1764484454440,price_change,0.11,BUY,0,0.18,0.21
1764484454440,price_change,0.14,BUY,335,0.18,0.21
1764484454440,price_change,0.08,BUY,0,0.18,0.21
1764484454440,price_change,0.17,BUY,312.79,0.18,0.21
1764484560429,price_change,0.24,SELL,1865.91,0.18,0.21
1764484562000,price_change,0.25,SELL,5109.48,0.18,0.21
1764484565567,price_change,0.25,SELL,5129.48,0.18,0.21
1764484615397,price_change,0.17,BUY,459.79,0.18,0.21
1764484615398,price_change,0.11,BUY,227,0.18,0.21
1764484615400,price_change,0.08,BUY,312,0.18,0.21
1764484615401,price_change,0.14,BUY,513,0.18,0.21
1764484646793,price_change,0.74,SELL,1230,0.18,0.21
1764485285020,price_change,0.49,SELL,0,0.18,0.21
1764485285112,price_change,0.49,SELL,5,0.18,0.21
1764485402181,price_change,0.94,SELL,0,0.18,0.21
1764485402224,price_change,0.84,SELL,0,0.18,0.21
1764485402892,price_change,0.82,SELL,0,0.18,0.21
1764485421762,price_change,0.15,BUY,342.2,0.18,0.21
1764485421925,price_change,0.24,SELL,1875.91,0.18,0.21
1764485655029,price_change,0.14,BUY,335,0.18,0.21
1764485655029,price_change,0.08,BUY,0,0.18,0.21
1764485655029,price_change,0.11,BUY,0,0.18,0.21
1764485655029,price_change,0.17,BUY,312.79,0.18,0.21
1764485691102,price_change,0.82,SELL,888,0.18,0.21
1764485715258,price_change,0.94,SELL,3998,0.18,0.21
1764485811937,price_change,0.11,BUY,227,0.18,0.21
1764485811939,price_change,0.08,BUY,312,0.18,0.21
1764485811941,price_change,0.17,BUY,459.79,0.18,0.21
1764485811942,price_change,0.14,BUY,513,0.18,0.21
1764485913163,price_change,0.02,BUY,0,0.18,0.21
1764485913351,price_change,0.02,BUY,3015,0.18,0.21
1764485913649,price_change,0.63,SELL,0,0.18,0.21
1764485913797,price_change,0.71,SELL,30,0.18,0.21
1764485913816,price_change,0.63,SELL,3028,0.18,0.21
1764485914276,price_change,0.71,SELL,0,0.18,0.21
1764486083000,price_change,0.25,SELL,5109.48,0.18,0.21
1764486084571,price_change,0.25,SELL,5129.48,0.18,0.21
1764486113804,price_change,0.74,SELL,0,0.18,0.21
1764486135000,price_change,0.27,SELL,269.67,0.18,0.21
1764486135167,price_change,0.26,SELL,202.86,0.18,0.21
1764486169746,price_change,0.84,SELL,1000,0.18,0.21
1764486245551,price_change,0.74,SELL,1230,0.18,0.21
1764486567156,price_change,0.74,SELL,0,0.18,0.21
