timestamp,event_type,price,side,size,best_bid,best_ask
2025-12-08T03:13:47.183000+00:00,book,0.82,BUY,412.39,0.82,0.85
2025-12-08T03:13:47.183000+00:00,book,0.85,SELL,338.86,0.82,0.85
2025-12-08T03:14:37.380000+00:00,price_change,0.87,SELL,1390.9,0.82,0.85
2025-12-08T03:14:37.380000+00:00,price_change,0.9,SELL,444,0.82,0.85
2025-12-08T03:27:06.863000+00:00,book,0.82,BUY,412.39,0.82,0.85
2025-12-08T03:27:06.863000+00:00,book,0.85,SELL,338.86,0.82,0.85
2025-12-08T03:28:29.717000+00:00,price_change,0.08,BUY,3000,0.82,0.85
2025-12-08T03:31:37.603000+00:00,book,0.82,BUY,412.39,0.82,0.85
2025-12-08T03:31:37.603000+00:00,book,0.85,SELL,338.86,0.82,0.85
2025-12-08T03:31:37.603000+00:00,book,0.82,BUY,412.39,0.82,0.85
2025-12-08T03:31:37.603000+00:00,book,0.85,SELL,338.86,0.82,0.85
2025-12-08T03:31:37.603000+00:00,book,0.82,BUY,412.39,0.82,0.85
2025-12-08T03:31:37.603000+00:00,book,0.85,SELL,338.86,0.82,0.85
2025-12-08T03:31:37.603000+00:00,book,0.82,BUY,412.39,0.82,0.85
2025-12-08T03:31:37.603000+00:00,book,0.85,SELL,338.86,0.82,0.85
2025-12-08T03:36:11.436000+00:00,price_change,0.8,BUY,36.84,0.82,0.85
2025-12-08T03:36:28.849000+00:00,price_change,0.74,BUY,40,0.82,0.85
2025-12-08T03:36:29.014000+00:00,price_change,0.79,BUY,228.25,0.82,0.85
2025-12-08T03:36:31.089000+00:00,price_change,0.74,BUY,20,0.82,0.85
2025-12-08T03:36:39.288000+00:00,price_change,0.79,BUY,248.25,0.82,0.85
2025-12-08T03:38:51.934000+00:00,price_change,0.82,BUY,406.83,0.82,0.85
2025-12-08T03:38:51.934000+00:00,book,0.82,BUY,406.83,0.82,0.85
2025-12-08T03:38:51.934000+00:00,book,0.85,SELL,338.86,0.82,0.85
2025-12-08T03:44:48.825000+00:00,book,0.82,BUY,406.83,0.82,0.85
2025-12-08T03:44:48.825000+00:00,book,0.85,SELL,338.86,0.82,0.85
2025-12-08T03:47:13.285000+00:00,price_change,0.87,SELL,1390.9,0.82,0.85
2025-12-08T03:47:13.285000+00:00,price_change,0.9,SELL,444,0.82,0.85
2025-12-08T03:48:22.717000+00:00,price_change,0.29,BUY,0,0.82,0.85
2025-12-08T03:50:02.421000+00:00,price_change,0.16,BUY,0,0.82,0.85
2025-12-08T03:50:02.466000+00:00,price_change,0.08,BUY,100,0.82,0.85
2025-12-08T03:50:02.770000+00:00,price_change,0.18,BUY,0,0.82,0.85
2025-12-08T03:51:26.542000+00:00,price_change,0.87,SELL,183.9,0.82,0.85
2025-12-08T03:51:28.926000+00:00,price_change,0.87,SELL,1390.9,0.82,0.85
2025-12-08T03:51:40.445000+00:00,price_change,0.29,BUY,1034,0.82,0.85
2025-12-08T03:52:39.845000+00:00,price_change,0.19,BUY,0,0.82,0.85
2025-12-08T03:52:40.541000+00:00,price_change,0.18,BUY,5.91,0.82,0.85
2025-12-08T03:53:33.929000+00:00,price_change,0.08,BUY,0,0.82,0.85
2025-12-08T03:53:34.526000+00:00,price_change,0.07,BUY,200,0.82,0.85
2025-12-08T03:54:16.974000+00:00,price_change,0.18,BUY,893.91,0.82,0.85
2025-12-08T03:54:21.372000+00:00,price_change,0.16,BUY,1000,0.82,0.85
2025-12-08T03:55:32.747000+00:00,price_change,0.18,BUY,888,0.82,0.85
2025-12-08T03:55:33.132000+00:00,price_change,0.19,BUY,5.39,0.82,0.85
2025-12-08T03:55:33.941000+00:00,price_change,0.19,BUY,10.78,0.82,0.85
2025-12-08T03:56:31.808000+00:00,price_change,0.09,BUY,2666,0.82,0.85
2025-12-08T03:58:44.884000+00:00,price_change,0.19,BUY,5.39,0.82,0.85
2025-12-08T04:00:47.869000+00:00,price_change,0.07,BUY,0,0.82,0.85
2025-12-08T04:00:48.389000+00:00,price_change,0.09,BUY,2766,0.82,0.85
2025-12-08T04:01:19.009000+00:00,price_change,0.29,BUY,0,0.82,0.85
2025-12-08T04:03:13.752000+00:00,price_change,0.98,SELL,0,0.82,0.85
2025-12-08T04:03:13.926000+00:00,price_change,0.98,SELL,3017,0.82,0.85
2025-12-08T04:03:14.232000+00:00,price_change,0.37,BUY,40,0.82,0.85
2025-12-08T04:03:14.397000+00:00,price_change,0.37,BUY,3790,0.82,0.85
2025-12-08T04:03:40.706000+00:00,price_change,0.87,SELL,183.9,0.82,0.85
2025-12-08T04:03:51.658000+00:00,price_change,0.87,SELL,1390.9,0.82,0.85
2025-12-08T04:04:54.119000+00:00,price_change,0.87,SELL,183.9,0.82,0.85
2025-12-08T04:04:54.310000+00:00,price_change,0.78,BUY,520,0.82,0.85
2025-12-08T04:05:07.105000+00:00,price_change,0.79,BUY,228.25,0.82,0.85
2025-12-08T04:05:07.611000+00:00,price_change,0.79,BUY,208.25,0.82,0.85
2025-12-08T04:05:07.707000+00:00,price_change,0.79,BUY,228.25,0.82,0.85
2025-12-08T04:05:08.256000+00:00,price_change,0.79,BUY,208.25,0.82,0.85
2025-12-08T04:05:08.313000+00:00,price_change,0.79,BUY,228.25,0.82,0.85
2025-12-08T04:05:08.793000+00:00,price_change,0.79,BUY,208.25,0.82,0.85
2025-12-08T04:05:08.909000+00:00,price_change,0.79,BUY,228.25,0.82,0.85
2025-12-08T04:05:09.452000+00:00,price_change,0.79,BUY,208.25,0.82,0.85
2025-12-08T04:05:09.519000+00:00,price_change,0.79,BUY,228.25,0.82,0.85
2025-12-08T04:05:09.993000+00:00,price_change,0.79,BUY,208.25,0.82,0.85
2025-12-08T04:05:10.108000+00:00,price_change,0.79,BUY,228.25,0.82,0.85
2025-12-08T04:05:10.638000+00:00,price_change,0.79,BUY,208.25,0.82,0.85
2025-12-08T04:05:10.711000+00:00,price_change,0.79,BUY,228.25,0.82,0.85
2025-12-08T04:05:11.148000+00:00,price_change,0.79,BUY,208.25,0.82,0.85
2025-12-08T04:05:11.313000+00:00,price_change,0.79,BUY,228.25,0.82,0.85
2025-12-08T04:05:11.829000+00:00,price_change,0.79,BUY,208.25,0.82,0.85
2025-12-08T04:05:11.912000+00:00,price_change,0.79,BUY,228.25,0.82,0.85
2025-12-08T04:05:12.545000+00:00,price_change,0.79,BUY,208.25,0.82,0.85
2025-12-08T04:05:12.661000+00:00,price_change,0.79,BUY,228.25,0.82,0.85
2025-12-08T04:05:13.194000+00:00,price_change,0.79,BUY,208.25,0.82,0.85
2025-12-08T04:05:13.263000+00:00,price_change,0.79,BUY,228.25,0.82,0.85
2025-12-08T04:05:13.701000+00:00,price_change,0.79,BUY,208.25,0.82,0.85
2025-12-08T04:05:13.862000+00:00,price_change,0.79,BUY,228.25,0.82,0.85
2025-12-08T04:05:14.395000+00:00,price_change,0.79,BUY,208.25,0.82,0.85
2025-12-08T04:05:14.615000+00:00,price_change,0.79,BUY,228.25,0.82,0.85
2025-12-08T04:05:15.109000+00:00,price_change,0.79,BUY,208.25,0.82,0.85
2025-12-08T04:05:15.215000+00:00,price_change,0.79,BUY,228.25,0.82,0.85
2025-12-08T04:05:15.761000+00:00,price_change,0.79,BUY,208.25,0.82,0.85
2025-12-08T04:05:15.813000+00:00,price_change,0.79,BUY,228.25,0.82,0.85
2025-12-08T04:05:16.308000+00:00,price_change,0.79,BUY,208.25,0.82,0.85
2025-12-08T04:05:16.415000+00:00,price_change,0.79,BUY,228.25,0.82,0.85
2025-12-08T04:05:16.960000+00:00,price_change,0.79,BUY,208.25,0.82,0.85
2025-12-08T04:05:17.167000+00:00,price_change,0.79,BUY,228.25,0.82,0.85
2025-12-08T04:05:17.648000+00:00,price_change,0.79,BUY,208.25,0.82,0.85
2025-12-08T04:05:17.765000+00:00,price_change,0.79,BUY,228.25,0.82,0.85
2025-12-08T04:05:18.310000+00:00,price_change,0.79,BUY,208.25,0.82,0.85
2025-12-08T04:05:18.367000+00:00,price_change,0.79,BUY,228.25,0.82,0.85
2025-12-08T04:05:18.831000+00:00,price_change,0.79,BUY,208.25,0.82,0.85
2025-12-08T04:05:18.968000+00:00,price_change,0.79,BUY,228.25,0.82,0.85
2025-12-08T04:05:19.504000+00:00,price_change,0.79,BUY,208.25,0.82,0.85
2025-12-08T04:05:19.721000+00:00,price_change,0.79,BUY,228.25,0.82,0.85
2025-12-08T04:05:20.202000+00:00,price_change,0.79,BUY,208.25,0.82,0.85
2025-12-08T04:05:20.472000+00:00,price_change,0.79,BUY,228.25,0.82,0.85
2025-12-08T04:05:21.043000+00:00,price_change,0.79,BUY,208.25,0.82,0.85
2025-12-08T04:05:21.218000+00:00,price_change,0.79,BUY,228.25,0.82,0.85
2025-12-08T04:05:21.717000+00:00,price_change,0.79,BUY,208.25,0.82,0.85
2025-12-08T04:05:21.822000+00:00,price_change,0.79,BUY,228.25,0.82,0.85
2025-12-08T04:05:22.401000+00:00,price_change,0.79,BUY,208.25,0.82,0.85
2025-12-08T04:05:22.609000+00:00,price_change,0.79,BUY,228.25,0.82,0.85
2025-12-08T04:05:23.080000+00:00,price_change,0.79,BUY,208.25,0.82,0.85
2025-12-08T04:05:23.480000+00:00,price_change,0.79,BUY,228.25,0.82,0.85
2025-12-08T04:05:23.966000+00:00,price_change,0.79,BUY,208.25,0.82,0.85
2025-12-08T04:05:24.235000+00:00,price_change,0.79,BUY,228.25,0.82,0.85
2025-12-08T04:05:24.785000+00:00,price_change,0.79,BUY,208.25,0.82,0.85
2025-12-08T04:05:24.993000+00:00,price_change,0.79,BUY,228.25,0.82,0.85
2025-12-08T04:05:25.464000+00:00,price_change,0.79,BUY,208.25,0.82,0.85
2025-12-08T04:05:25.882000+00:00,price_change,0.79,BUY,228.25,0.82,0.85
2025-12-08T04:05:26.315000+00:00,price_change,0.79,BUY,208.25,0.82,0.85
2025-12-08T04:05:26.484000+00:00,price_change,0.79,BUY,228.25,0.82,0.85
2025-12-08T04:05:26.994000+00:00,price_change,0.79,BUY,208.25,0.82,0.85
2025-12-08T04:05:27.084000+00:00,price_change,0.79,BUY,228.25,0.82,0.85
2025-12-08T04:05:27.505000+00:00,price_change,0.79,BUY,208.25,0.82,0.85
2025-12-08T04:05:27.718000+00:00,price_change,0.79,BUY,228.25,0.82,0.85
2025-12-08T04:05:28.185000+00:00,price_change,0.79,BUY,208.25,0.82,0.85
2025-12-08T04:05:28.293000+00:00,price_change,0.79,BUY,228.25,0.82,0.85
2025-12-08T04:05:28.867000+00:00,price_change,0.79,BUY,208.25,0.82,0.85
2025-12-08T04:05:29.074000+00:00,price_change,0.79,BUY,228.25,0.82,0.85
2025-12-08T04:05:29.547000+00:00,price_change,0.79,BUY,208.25,0.82,0.85
2025-12-08T04:05:29.791000+00:00,price_change,0.79,BUY,228.25,0.82,0.85
2025-12-08T04:05:30.260000+00:00,price_change,0.79,BUY,208.25,0.82,0.85
2025-12-08T04:05:30.548000+00:00,price_change,0.79,BUY,228.25,0.82,0.85
2025-12-08T04:05:31.247000+00:00,price_change,0.79,BUY,208.25,0.82,0.85
2025-12-08T04:05:31.454000+00:00,price_change,0.79,BUY,228.25,0.82,0.85
2025-12-08T04:05:31.932000+00:00,price_change,0.79,BUY,208.25,0.82,0.85
2025-12-08T04:05:32.056000+00:00,price_change,0.79,BUY,228.25,0.82,0.85
2025-12-08T04:05:32.612000+00:00,price_change,0.79,BUY,208.25,0.82,0.85
2025-12-08T04:05:32.812000+00:00,price_change,0.79,BUY,228.25,0.82,0.85
2025-12-08T04:05:33.289000+00:00,price_change,0.79,BUY,208.25,0.82,0.85
2025-12-08T04:05:33.546000+00:00,price_change,0.79,BUY,228.25,0.82,0.85
2025-12-08T04:05:33.970000+00:00,price_change,0.79,BUY,208.25,0.82,0.85
2025-12-08T04:05:34.177000+00:00,price_change,0.79,BUY,228.25,0.82,0.85
2025-12-08T04:05:34.650000+00:00,price_change,0.79,BUY,208.25,0.82,0.85
2025-12-08T04:05:34.747000+00:00,price_change,0.79,BUY,228.25,0.82,0.85
2025-12-08T04:05:35.333000+00:00,price_change,0.79,BUY,208.25,0.82,0.85
2025-12-08T04:05:35.500000+00:00,price_change,0.79,BUY,228.25,0.82,0.85
2025-12-08T04:05:36.015000+00:00,price_change,0.79,BUY,208.25,0.82,0.85
2025-12-08T04:05:36.248000+00:00,price_change,0.79,BUY,228.25,0.82,0.85
2025-12-08T04:05:36.691000+00:00,price_change,0.79,BUY,208.25,0.82,0.85
2025-12-08T04:05:36.852000+00:00,price_change,0.79,BUY,228.25,0.82,0.85
2025-12-08T04:05:37.373000+00:00,price_change,0.79,BUY,208.25,0.82,0.85
2025-12-08T04:05:37.453000+00:00,price_change,0.79,BUY,228.25,0.82,0.85
2025-12-08T04:05:38.063000+00:00,price_change,0.79,BUY,208.25,0.82,0.85
2025-12-08T04:05:38.208000+00:00,price_change,0.79,BUY,228.25,0.82,0.85
2025-12-08T04:05:38.744000+00:00,price_change,0.79,BUY,208.25,0.82,0.85
2025-12-08T04:05:38.810000+00:00,price_change,0.79,BUY,228.25,0.82,0.85
2025-12-08T04:05:39.246000+00:00,price_change,0.79,BUY,208.25,0.82,0.85
2025-12-08T04:05:39.703000+00:00,price_change,0.79,BUY,228.25,0.82,0.85
2025-12-08T04:05:40.270000+00:00,price_change,0.79,BUY,208.25,0.82,0.85
2025-12-08T04:05:40.459000+00:00,price_change,0.79,BUY,228.25,0.82,0.85
2025-12-08T04:05:40.954000+00:00,price_change,0.79,BUY,208.25,0.82,0.85
2025-12-08T04:05:41.205000+00:00,price_change,0.79,BUY,228.25,0.82,0.85
2025-12-08T04:05:41.639000+00:00,price_change,0.79,BUY,208.25,0.82,0.85
2025-12-08T04:05:41.809000+00:00,price_change,0.79,BUY,228.25,0.82,0.85
2025-12-08T04:05:42.314000+00:00,price_change,0.79,BUY,208.25,0.82,0.85
2025-12-08T04:05:42.410000+00:00,price_change,0.79,BUY,228.25,0.82,0.85
2025-12-08T04:05:42.994000+00:00,price_change,0.79,BUY,208.25,0.82,0.85
2025-12-08T04:05:43.313000+00:00,price_change,0.79,BUY,228.25,0.82,0.85
2025-12-08T04:05:43.846000+00:00,price_change,0.79,BUY,208.25,0.82,0.85
2025-12-08T04:05:43.915000+00:00,price_change,0.79,BUY,228.25,0.82,0.85
2025-12-08T04:05:44.357000+00:00,price_change,0.79,BUY,208.25,0.82,0.85
2025-12-08T04:05:44.510000+00:00,price_change,0.79,BUY,228.25,0.82,0.85
2025-12-08T04:05:45.036000+00:00,price_change,0.79,BUY,208.25,0.82,0.85
2025-12-08T04:05:45.112000+00:00,price_change,0.79,BUY,228.25,0.82,0.85
2025-12-08T04:05:45.747000+00:00,price_change,0.79,BUY,208.25,0.82,0.85
2025-12-08T04:05:45.863000+00:00,price_change,0.79,BUY,228.25,0.82,0.85
2025-12-08T04:05:46.397000+00:00,price_change,0.79,BUY,208.25,0.82,0.85
2025-12-08T04:05:46.463000+00:00,price_change,0.79,BUY,228.25,0.82,0.85
2025-12-08T04:05:46.909000+00:00,price_change,0.79,BUY,208.25,0.82,0.85
2025-12-08T04:05:47.066000+00:00,price_change,0.79,BUY,228.25,0.82,0.85
2025-12-08T04:05:47.589000+00:00,price_change,0.79,BUY,208.25,0.82,0.85
2025-12-08T04:05:47.666000+00:00,price_change,0.79,BUY,228.25,0.82,0.85
2025-12-08T04:05:48.100000+00:00,price_change,0.79,BUY,208.25,0.82,0.85
2025-12-08T04:05:48.273000+00:00,price_change,0.79,BUY,228.25,0.82,0.85
2025-12-08T04:05:48.779000+00:00,price_change,0.79,BUY,208.25,0.82,0.85
2025-12-08T04:05:49.173000+00:00,price_change,0.79,BUY,228.25,0.82,0.85
2025-12-08T04:05:49.657000+00:00,price_change,0.79,BUY,208.25,0.82,0.85
2025-12-08T04:05:49.769000+00:00,price_change,0.79,BUY,228.25,0.82,0.85
2025-12-08T04:05:50.311000+00:00,price_change,0.79,BUY,208.25,0.82,0.85
2025-12-08T04:05:50.370000+00:00,price_change,0.79,BUY,228.25,0.82,0.85
2025-12-08T04:05:50.821000+00:00,price_change,0.79,BUY,208.25,0.82,0.85
2025-12-08T04:05:50.968000+00:00,price_change,0.79,BUY,228.25,0.82,0.85
2025-12-08T04:05:51.502000+00:00,price_change,0.79,BUY,208.25,0.82,0.85
2025-12-08T04:05:51.575000+00:00,price_change,0.79,BUY,228.25,0.82,0.85
2025-12-08T04:05:52.015000+00:00,price_change,0.79,BUY,208.25,0.82,0.85
2025-12-08T04:05:52.181000+00:00,price_change,0.79,BUY,228.25,0.82,0.85
2025-12-08T04:05:52.692000+00:00,price_change,0.79,BUY,208.25,0.82,0.85
2025-12-08T04:05:52.773000+00:00,price_change,0.79,BUY,228.25,0.82,0.85
2025-12-08T04:05:53.203000+00:00,price_change,0.79,BUY,208.25,0.82,0.85
2025-12-08T04:05:53.374000+00:00,price_change,0.79,BUY,228.25,0.82,0.85
2025-12-08T04:05:53.893000+00:00,price_change,0.79,BUY,208.25,0.82,0.85
2025-12-08T04:05:53.973000+00:00,price_change,0.79,BUY,228.25,0.82,0.85
2025-12-08T04:05:54.394000+00:00,price_change,0.79,BUY,208.25,0.82,0.85
2025-12-08T04:05:54.873000+00:00,price_change,0.79,BUY,228.25,0.82,0.85
2025-12-08T04:05:55.415000+00:00,price_change,0.79,BUY,208.25,0.82,0.85
2025-12-08T04:05:55.624000+00:00,price_change,0.79,BUY,228.25,0.82,0.85
2025-12-08T04:05:56.120000+00:00,price_change,0.79,BUY,208.25,0.82,0.85
2025-12-08T04:05:56.228000+00:00,price_change,0.79,BUY,228.25,0.82,0.85
2025-12-08T04:05:56.778000+00:00,price_change,0.79,BUY,208.25,0.82,0.85
2025-12-08T04:05:56.827000+00:00,price_change,0.79,BUY,228.25,0.82,0.85
2025-12-08T04:05:57.229000+00:00,price_change,0.29,BUY,1034,0.82,0.85
2025-12-08T04:05:57.312000+00:00,price_change,0.79,BUY,208.25,0.82,0.85
2025-12-08T04:05:57.727000+00:00,price_change,0.79,BUY,228.25,0.82,0.85
2025-12-08T04:05:58.311000+00:00,price_change,0.79,BUY,208.25,0.82,0.85
2025-12-08T04:05:58.928000+00:00,price_change,0.79,BUY,228.25,0.82,0.85
2025-12-08T04:05:59.498000+00:00,price_change,0.79,BUY,208.25,0.82,0.85
2025-12-08T04:05:59.707000+00:00,price_change,0.79,BUY,228.25,0.82,0.85
2025-12-08T04:06:00.177000+00:00,price_change,0.79,BUY,208.25,0.82,0.85
2025-12-08T04:06:00.731000+00:00,price_change,0.79,BUY,228.25,0.82,0.85
2025-12-08T04:06:01.213000+00:00,price_change,0.79,BUY,208.25,0.82,0.85
2025-12-08T04:06:01.331000+00:00,price_change,0.79,BUY,228.25,0.82,0.85
2025-12-08T04:06:01.881000+00:00,price_change,0.79,BUY,208.25,0.82,0.85
2025-12-08T04:06:02.124000+00:00,price_change,0.79,BUY,228.25,0.82,0.85
2025-12-08T04:06:02.564000+00:00,price_change,0.79,BUY,208.25,0.82,0.85
2025-12-08T04:06:02.686000+00:00,price_change,0.79,BUY,228.25,0.82,0.85
2025-12-08T04:06:03.241000+00:00,price_change,0.79,BUY,208.25,0.82,0.85
2025-12-08T04:06:03.463000+00:00,price_change,0.79,BUY,228.25,0.82,0.85
2025-12-08T04:06:03.922000+00:00,price_change,0.79,BUY,208.25,0.82,0.85
2025-12-08T04:06:04.035000+00:00,price_change,0.79,BUY,228.25,0.82,0.85
2025-12-08T04:06:04.601000+00:00,price_change,0.79,BUY,208.25,0.82,0.85
2025-12-08T04:06:04.813000+00:00,price_change,0.79,BUY,228.25,0.82,0.85
2025-12-08T04:06:05.282000+00:00,price_change,0.79,BUY,208.25,0.82,0.85
2025-12-08T04:06:05.389000+00:00,price_change,0.79,BUY,228.25,0.82,0.85
2025-12-08T04:06:05.962000+00:00,price_change,0.79,BUY,208.25,0.82,0.85
2025-12-08T04:06:06.170000+00:00,price_change,0.79,BUY,228.25,0.82,0.85
2025-12-08T04:06:06.650000+00:00,price_change,0.79,BUY,208.25,0.82,0.85
2025-12-08T04:06:06.749000+00:00,price_change,0.79,BUY,228.25,0.82,0.85
2025-12-08T04:06:07.326000+00:00,price_change,0.79,BUY,208.25,0.82,0.85
2025-12-08T04:06:07.493000+00:00,price_change,0.79,BUY,228.25,0.82,0.85
2025-12-08T04:06:08.008000+00:00,price_change,0.79,BUY,208.25,0.82,0.85
2025-12-08T04:06:08.392000+00:00,price_change,0.79,BUY,228.25,0.82,0.85
2025-12-08T04:06:08.878000+00:00,price_change,0.79,BUY,208.25,0.82,0.85
2025-12-08T04:06:08.996000+00:00,price_change,0.79,BUY,228.25,0.82,0.85
2025-12-08T04:06:09.536000+00:00,price_change,0.79,BUY,208.25,0.82,0.85
2025-12-08T04:06:09.743000+00:00,price_change,0.79,BUY,228.25,0.82,0.85
2025-12-08T04:06:10.215000+00:00,price_change,0.79,BUY,208.25,0.82,0.85
2025-12-08T04:06:10.344000+00:00,price_change,0.79,BUY,228.25,0.82,0.85
2025-12-08T04:06:10.897000+00:00,price_change,0.79,BUY,208.25,0.82,0.85
2025-12-08T04:06:10.949000+00:00,price_change,0.79,BUY,228.25,0.82,0.85
2025-12-08T04:06:11.580000+00:00,price_change,0.79,BUY,208.25,0.82,0.85
2025-12-08T04:06:11.706000+00:00,price_change,0.79,BUY,228.25,0.82,0.85
2025-12-08T04:06:12.259000+00:00,price_change,0.79,BUY,208.25,0.82,0.85
2025-12-08T04:06:12.472000+00:00,price_change,0.79,BUY,228.25,0.82,0.85
2025-12-08T04:06:13.111000+00:00,price_change,0.79,BUY,208.25,0.82,0.85
2025-12-08T04:06:13.350000+00:00,price_change,0.79,BUY,228.25,0.82,0.85
2025-12-08T04:06:13.794000+00:00,price_change,0.79,BUY,208.25,0.82,0.85
2025-12-08T04:06:14.102000+00:00,price_change,0.79,BUY,228.25,0.82,0.85
2025-12-08T04:06:14.638000+00:00,price_change,0.79,BUY,208.25,0.82,0.85
2025-12-08T04:06:14.853000+00:00,price_change,0.79,BUY,228.25,0.82,0.85
2025-12-08T04:06:15.334000+00:00,price_change,0.79,BUY,208.25,0.82,0.85
2025-12-08T04:06:15.456000+00:00,price_change,0.79,BUY,228.25,0.82,0.85
2025-12-08T04:06:16+00:00,price_change,0.79,BUY,208.25,0.82,0.85
2025-12-08T04:06:16.206000+00:00,price_change,0.79,BUY,228.25,0.82,0.85
2025-12-08T04:06:16.701000+00:00,price_change,0.79,BUY,208.25,0.82,0.85
2025-12-08T04:06:16.954000+00:00,price_change,0.79,BUY,228.25,0.82,0.85
2025-12-08T04:06:17.532000+00:00,price_change,0.79,BUY,208.25,0.82,0.85
2025-12-08T04:06:17.855000+00:00,price_change,0.79,BUY,228.25,0.82,0.85
2025-12-08T04:06:18.382000+00:00,price_change,0.79,BUY,208.25,0.82,0.85
2025-12-08T04:06:18.759000+00:00,price_change,0.79,BUY,228.25,0.82,0.85
2025-12-08T04:06:19.243000+00:00,price_change,0.79,BUY,208.25,0.82,0.85
2025-12-08T04:06:19.372000+00:00,price_change,0.79,BUY,228.25,0.82,0.85
2025-12-08T04:06:19.913000+00:00,price_change,0.79,BUY,208.25,0.82,0.85
2025-12-08T04:06:20.560000+00:00,price_change,0.79,BUY,228.25,0.82,0.85
2025-12-08T04:06:21.106000+00:00,price_change,0.79,BUY,208.25,0.82,0.85
2025-12-08T04:06:21.161000+00:00,price_change,0.79,BUY,228.25,0.82,0.85
2025-12-08T04:06:21.643000+00:00,price_change,0.79,BUY,208.25,0.82,0.85
2025-12-08T04:06:21.762000+00:00,price_change,0.79,BUY,228.25,0.82,0.85
2025-12-08T04:06:22.299000+00:00,price_change,0.79,BUY,208.25,0.82,0.85
2025-12-08T04:06:22.367000+00:00,price_change,0.79,BUY,228.25,0.82,0.85
2025-12-08T04:06:22.809000+00:00,price_change,0.79,BUY,208.25,0.82,0.85
2025-12-08T04:06:22.968000+00:00,price_change,0.79,BUY,228.25,0.82,0.85
2025-12-08T04:06:23.490000+00:00,price_change,0.79,BUY,208.25,0.82,0.85
2025-12-08T04:06:23.867000+00:00,price_change,0.79,BUY,228.25,0.82,0.85
2025-12-08T04:06:24.343000+00:00,price_change,0.79,BUY,208.25,0.82,0.85
2025-12-08T04:06:24.464000+00:00,price_change,0.79,BUY,228.25,0.82,0.85
2025-12-08T04:06:25.018000+00:00,price_change,0.79,BUY,208.25,0.82,0.85
2025-12-08T04:06:25.066000+00:00,price_change,0.79,BUY,228.25,0.82,0.85
2025-12-08T04:06:25.547000+00:00,price_change,0.79,BUY,208.25,0.82,0.85
2025-12-08T04:06:25.665000+00:00,price_change,0.79,BUY,228.25,0.82,0.85
2025-12-08T04:06:26.233000+00:00,price_change,0.79,BUY,208.25,0.82,0.85
2025-12-08T04:06:26.429000+00:00,price_change,0.79,BUY,228.25,0.82,0.85
2025-12-08T04:06:26.908000+00:00,price_change,0.79,BUY,208.25,0.82,0.85
2025-12-08T04:06:27.018000+00:00,price_change,0.79,BUY,228.25,0.82,0.85
2025-12-08T04:06:27.590000+00:00,price_change,0.79,BUY,208.25,0.82,0.85
2025-12-08T04:06:27.794000+00:00,price_change,0.79,BUY,228.25,0.82,0.85
2025-12-08T04:06:28.266000+00:00,price_change,0.79,BUY,208.25,0.82,0.85
2025-12-08T04:06:28.373000+00:00,price_change,0.79,BUY,228.25,0.82,0.85
2025-12-08T04:06:28.947000+00:00,price_change,0.79,BUY,208.25,0.82,0.85
2025-12-08T04:06:29.150000+00:00,price_change,0.79,BUY,228.25,0.82,0.85
2025-12-08T04:06:29.628000+00:00,price_change,0.79,BUY,208.25,0.82,0.85
2025-12-08T04:06:29.726000+00:00,price_change,0.79,BUY,228.25,0.82,0.85
2025-12-08T04:06:30.307000+00:00,price_change,0.79,BUY,208.25,0.82,0.85
2025-12-08T04:06:30.478000+00:00,price_change,0.79,BUY,228.25,0.82,0.85
2025-12-08T04:06:30.994000+00:00,price_change,0.79,BUY,208.25,0.82,0.85
2025-12-08T04:06:31.078000+00:00,price_change,0.79,BUY,228.25,0.82,0.85
2025-12-08T04:06:31.673000+00:00,price_change,0.79,BUY,208.25,0.82,0.85
2025-12-08T04:06:31.831000+00:00,price_change,0.79,BUY,228.25,0.82,0.85
2025-12-08T04:06:32.355000+00:00,price_change,0.79,BUY,208.25,0.82,0.85
2025-12-08T04:06:32.435000+00:00,price_change,0.79,BUY,228.25,0.82,0.85
2025-12-08T04:06:32.877000+00:00,price_change,0.79,BUY,208.25,0.82,0.85
2025-12-08T04:06:33.031000+00:00,price_change,0.79,BUY,228.25,0.82,0.85
2025-12-08T04:06:33.552000+00:00,price_change,0.79,BUY,208.25,0.82,0.85
2025-12-08T04:06:33.638000+00:00,price_change,0.79,BUY,228.25,0.82,0.85
2025-12-08T04:06:34.228000+00:00,price_change,0.79,BUY,208.25,0.82,0.85
2025-12-08T04:06:34.383000+00:00,price_change,0.79,BUY,228.25,0.82,0.85
2025-12-08T04:06:34.907000+00:00,price_change,0.79,BUY,208.25,0.82,0.85
2025-12-08T04:06:34.983000+00:00,price_change,0.79,BUY,228.25,0.82,0.85
2025-12-08T04:06:35.417000+00:00,price_change,0.79,BUY,208.25,0.82,0.85
2025-12-08T04:06:35.586000+00:00,price_change,0.79,BUY,228.25,0.82,0.85
2025-12-08T04:06:36.099000+00:00,price_change,0.79,BUY,208.25,0.82,0.85
2025-12-08T04:06:36.187000+00:00,price_change,0.79,BUY,228.25,0.82,0.85
2025-12-08T04:06:36.608000+00:00,price_change,0.79,BUY,208.25,0.82,0.85
2025-12-08T04:06:36.811000+00:00,price_change,0.79,BUY,228.25,0.82,0.85
2025-12-08T04:06:37.288000+00:00,price_change,0.79,BUY,208.25,0.82,0.85
2025-12-08T04:06:37.388000+00:00,price_change,0.79,BUY,228.25,0.82,0.85
2025-12-08T04:06:37.969000+00:00,price_change,0.79,BUY,208.25,0.82,0.85
2025-12-08T04:06:38.146000+00:00,price_change,0.79,BUY,228.25,0.82,0.85
2025-12-08T04:06:38.652000+00:00,price_change,0.79,BUY,208.25,0.82,0.85
2025-12-08T04:06:38.740000+00:00,price_change,0.79,BUY,228.25,0.82,0.85
2025-12-08T04:06:39.329000+00:00,price_change,0.79,BUY,208.25,0.82,0.85
2025-12-08T04:06:39.490000+00:00,price_change,0.79,BUY,228.25,0.82,0.85
2025-12-08T04:06:40.018000+00:00,price_change,0.79,BUY,208.25,0.82,0.85
2025-12-08T04:06:40.094000+00:00,price_change,0.79,BUY,228.25,0.82,0.85
2025-12-08T04:06:40.135000+00:00,price_change,0.78,BUY,500,0.82,0.85
2025-12-08T04:06:40.264000+00:00,price_change,0.78,BUY,520,0.82,0.85
2025-12-08T04:06:40.693000+00:00,price_change,0.79,BUY,208.25,0.82,0.85
2025-12-08T04:06:40.840000+00:00,price_change,0.79,BUY,228.25,0.82,0.85
2025-12-08T04:06:41.373000+00:00,price_change,0.79,BUY,208.25,0.82,0.85
2025-12-08T04:06:41.442000+00:00,price_change,0.79,BUY,228.25,0.82,0.85
2025-12-08T04:06:41.885000+00:00,price_change,0.79,BUY,208.25,0.82,0.85
2025-12-08T04:06:42.045000+00:00,price_change,0.79,BUY,228.25,0.82,0.85
2025-12-08T04:06:42.565000+00:00,price_change,0.79,BUY,208.25,0.82,0.85
2025-12-08T04:06:42.642000+00:00,price_change,0.79,BUY,228.25,0.82,0.85
2025-12-08T04:06:43.073000+00:00,price_change,0.79,BUY,208.25,0.82,0.85
2025-12-08T04:06:43.254000+00:00,price_change,0.79,BUY,228.25,0.82,0.85
2025-12-08T04:06:43.754000+00:00,price_change,0.79,BUY,208.25,0.82,0.85
2025-12-08T04:06:43.844000+00:00,price_change,0.79,BUY,228.25,0.82,0.85
2025-12-08T04:06:44.435000+00:00,price_change,0.79,BUY,208.25,0.82,0.85
2025-12-08T04:06:44.596000+00:00,price_change,0.79,BUY,228.25,0.82,0.85
2025-12-08T04:06:45.114000+00:00,price_change,0.79,BUY,208.25,0.82,0.85
2025-12-08T04:06:45.196000+00:00,price_change,0.79,BUY,228.25,0.82,0.85
2025-12-08T04:06:45.826000+00:00,price_change,0.79,BUY,208.25,0.82,0.85
2025-12-08T04:06:45.944000+00:00,price_change,0.79,BUY,228.25,0.82,0.85
2025-12-08T04:06:46.475000+00:00,price_change,0.79,BUY,208.25,0.82,0.85
2025-12-08T04:06:46.546000+00:00,price_change,0.79,BUY,228.25,0.82,0.85
2025-12-08T04:06:46.986000+00:00,price_change,0.79,BUY,208.25,0.82,0.85
2025-12-08T04:06:47.145000+00:00,price_change,0.79,BUY,228.25,0.82,0.85
2025-12-08T04:06:47.679000+00:00,price_change,0.79,BUY,208.25,0.82,0.85
2025-12-08T04:06:47.747000+00:00,price_change,0.79,BUY,228.25,0.82,0.85
2025-12-08T04:06:48.177000+00:00,price_change,0.79,BUY,208.25,0.82,0.85
2025-12-08T04:06:48.358000+00:00,price_change,0.79,BUY,228.25,0.82,0.85
2025-12-08T04:06:48.859000+00:00,price_change,0.79,BUY,208.25,0.82,0.85
2025-12-08T04:06:48.970000+00:00,price_change,0.79,BUY,228.25,0.82,0.85
2025-12-08T04:06:49.540000+00:00,price_change,0.79,BUY,208.25,0.82,0.85
2025-12-08T04:06:49.700000+00:00,price_change,0.79,BUY,228.25,0.82,0.85
2025-12-08T04:06:50.221000+00:00,price_change,0.79,BUY,208.25,0.82,0.85
2025-12-08T04:06:50.306000+00:00,price_change,0.79,BUY,228.25,0.82,0.85
2025-12-08T04:06:50.730000+00:00,price_change,0.79,BUY,208.25,0.82,0.85
2025-12-08T04:06:50.907000+00:00,price_change,0.79,BUY,228.25,0.82,0.85
2025-12-08T04:06:51.410000+00:00,price_change,0.79,BUY,208.25,0.82,0.85
2025-12-08T04:06:51.501000+00:00,price_change,0.79,BUY,228.25,0.82,0.85
2025-12-08T04:06:52.093000+00:00,price_change,0.79,BUY,208.25,0.82,0.85
2025-12-08T04:06:52.251000+00:00,price_change,0.79,BUY,228.25,0.82,0.85
2025-12-08T04:06:52.773000+00:00,price_change,0.79,BUY,208.25,0.82,0.85
2025-12-08T04:06:52.853000+00:00,price_change,0.79,BUY,228.25,0.82,0.85
2025-12-08T04:06:53.288000+00:00,price_change,0.79,BUY,208.25,0.82,0.85
2025-12-08T04:06:53.457000+00:00,price_change,0.79,BUY,228.25,0.82,0.85
2025-12-08T04:06:53.966000+00:00,price_change,0.79,BUY,208.25,0.82,0.85
2025-12-08T04:06:54.052000+00:00,price_change,0.79,BUY,228.25,0.82,0.85
2025-12-08T04:06:54.472000+00:00,price_change,0.79,BUY,208.25,0.82,0.85
2025-12-08T04:06:54.681000+00:00,price_change,0.79,BUY,228.25,0.82,0.85
2025-12-08T04:06:55.154000+00:00,price_change,0.79,BUY,208.25,0.82,0.85
2025-12-08T04:06:55.255000+00:00,price_change,0.79,BUY,228.25,0.82,0.85
2025-12-08T04:06:55.833000+00:00,price_change,0.79,BUY,208.25,0.82,0.85
2025-12-08T04:06:56.005000+00:00,price_change,0.79,BUY,228.25,0.82,0.85
2025-12-08T04:06:56.516000+00:00,price_change,0.79,BUY,208.25,0.82,0.85
2025-12-08T04:06:56.605000+00:00,price_change,0.79,BUY,228.25,0.82,0.85
2025-12-08T04:06:57.025000+00:00,price_change,0.79,BUY,208.25,0.82,0.85
2025-12-08T04:06:57.356000+00:00,price_change,0.79,BUY,228.25,0.82,0.85
2025-12-08T04:06:57.877000+00:00,price_change,0.79,BUY,208.25,0.82,0.85
2025-12-08T04:06:57.956000+00:00,price_change,0.79,BUY,228.25,0.82,0.85
2025-12-08T04:06:58.556000+00:00,price_change,0.79,BUY,208.25,0.82,0.85
2025-12-08T04:06:58.711000+00:00,price_change,0.79,BUY,228.25,0.82,0.85
2025-12-08T04:06:59.239000+00:00,price_change,0.79,BUY,208.25,0.82,0.85
2025-12-08T04:06:59.310000+00:00,price_change,0.79,BUY,228.25,0.82,0.85
2025-12-08T04:06:59.751000+00:00,price_change,0.79,BUY,208.25,0.82,0.85
2025-12-08T04:06:59.912000+00:00,price_change,0.79,BUY,228.25,0.82,0.85
2025-12-08T04:07:00.430000+00:00,price_change,0.79,BUY,208.25,0.82,0.85
2025-12-08T04:07:00.512000+00:00,price_change,0.79,BUY,228.25,0.82,0.85
2025-12-08T04:07:01.110000+00:00,price_change,0.79,BUY,208.25,0.82,0.85
2025-12-08T04:07:01.267000+00:00,price_change,0.79,BUY,228.25,0.82,0.85
2025-12-08T04:07:01.789000+00:00,price_change,0.79,BUY,208.25,0.82,0.85
2025-12-08T04:07:01.867000+00:00,price_change,0.79,BUY,228.25,0.82,0.85
2025-12-08T04:07:02.301000+00:00,price_change,0.79,BUY,208.25,0.82,0.85
2025-12-08T04:07:02.468000+00:00,price_change,0.79,BUY,228.25,0.82,0.85
2025-12-08T04:07:02.983000+00:00,price_change,0.79,BUY,208.25,0.82,0.85
2025-12-08T04:07:03.074000+00:00,price_change,0.79,BUY,228.25,0.82,0.85
2025-12-08T04:07:03.661000+00:00,price_change,0.79,BUY,208.25,0.82,0.85
2025-12-08T04:07:03.851000+00:00,price_change,0.79,BUY,228.25,0.82,0.85
2025-12-08T04:07:04.356000+00:00,price_change,0.79,BUY,208.25,0.82,0.85
2025-12-08T04:07:04.425000+00:00,price_change,0.79,BUY,228.25,0.82,0.85
2025-12-08T04:07:04.870000+00:00,price_change,0.79,BUY,208.25,0.82,0.85
2025-12-08T04:07:05.033000+00:00,price_change,0.79,BUY,228.25,0.82,0.85
2025-12-08T04:07:05.552000+00:00,price_change,0.79,BUY,208.25,0.82,0.85
2025-12-08T04:07:05.627000+00:00,price_change,0.79,BUY,228.25,0.82,0.85
2025-12-08T04:07:06.058000+00:00,price_change,0.79,BUY,208.25,0.82,0.85
2025-12-08T04:07:06.227000+00:00,price_change,0.79,BUY,228.25,0.82,0.85
2025-12-08T04:07:06.740000+00:00,price_change,0.79,BUY,208.25,0.82,0.85
2025-12-08T04:07:06.827000+00:00,price_change,0.79,BUY,228.25,0.82,0.85
2025-12-08T04:07:07.422000+00:00,price_change,0.79,BUY,208.25,0.82,0.85
2025-12-08T04:07:07.580000+00:00,price_change,0.79,BUY,228.25,0.82,0.85
2025-12-08T04:07:08.105000+00:00,price_change,0.79,BUY,208.25,0.82,0.85
2025-12-08T04:07:08.185000+00:00,price_change,0.79,BUY,228.25,0.82,0.85
2025-12-08T04:07:08.613000+00:00,price_change,0.79,BUY,208.25,0.82,0.85
2025-12-08T04:07:08.795000+00:00,price_change,0.79,BUY,228.25,0.82,0.85
2025-12-08T04:07:09.293000+00:00,price_change,0.79,BUY,208.25,0.82,0.85
2025-12-08T04:07:11.209000+00:00,price_change,0.79,BUY,228.25,0.82,0.85
2025-12-08T04:07:11.676000+00:00,price_change,0.79,BUY,208.25,0.82,0.85
2025-12-08T04:07:11.788000+00:00,price_change,0.79,BUY,228.25,0.82,0.85
2025-12-08T04:07:37.540000+00:00,price_change,0.79,BUY,208.25,0.82,0.85
2025-12-08T04:07:37.618000+00:00,price_change,0.79,BUY,228.25,0.82,0.85
2025-12-08T04:07:38.050000+00:00,price_change,0.79,BUY,208.25,0.82,0.85
2025-12-08T04:07:38.217000+00:00,price_change,0.79,BUY,228.25,0.82,0.85
2025-12-08T04:07:38.731000+00:00,price_change,0.79,BUY,208.25,0.82,0.85
2025-12-08T04:07:38.812000+00:00,price_change,0.79,BUY,228.25,0.82,0.85
2025-12-08T04:07:39.243000+00:00,price_change,0.79,BUY,208.25,0.82,0.85
2025-12-08T04:07:39.416000+00:00,price_change,0.79,BUY,228.25,0.82,0.85
2025-12-08T04:07:39.919000+00:00,price_change,0.79,BUY,208.25,0.82,0.85
2025-12-08T04:07:40.014000+00:00,price_change,0.79,BUY,228.25,0.82,0.85
2025-12-08T04:07:40.601000+00:00,price_change,0.79,BUY,208.25,0.82,0.85
2025-12-08T04:07:40.765000+00:00,price_change,0.79,BUY,228.25,0.82,0.85
2025-12-08T04:07:41.281000+00:00,price_change,0.79,BUY,208.25,0.82,0.85
2025-12-08T04:07:41.364000+00:00,price_change,0.79,BUY,228.25,0.82,0.85
2025-12-08T04:07:41.963000+00:00,price_change,0.79,BUY,208.25,0.82,0.85
2025-12-08T04:07:42.118000+00:00,price_change,0.79,BUY,228.25,0.82,0.85
2025-12-08T04:07:42.657000+00:00,price_change,0.79,BUY,208.25,0.82,0.85
2025-12-08T04:07:42.721000+00:00,price_change,0.79,BUY,228.25,0.82,0.85
2025-12-08T04:07:43.159000+00:00,price_change,0.79,BUY,208.25,0.82,0.85
2025-12-08T04:07:43.322000+00:00,price_change,0.79,BUY,228.25,0.82,0.85
2025-12-08T04:07:43.839000+00:00,price_change,0.79,BUY,208.25,0.82,0.85
2025-12-08T04:07:43.920000+00:00,price_change,0.79,BUY,228.25,0.82,0.85
2025-12-08T04:07:44.347000+00:00,price_change,0.79,BUY,208.25,0.82,0.85
2025-12-08T04:07:44.521000+00:00,price_change,0.79,BUY,228.25,0.82,0.85
2025-12-08T04:07:45.028000+00:00,price_change,0.79,BUY,208.25,0.82,0.85
2025-12-08T04:07:45.120000+00:00,price_change,0.79,BUY,228.25,0.82,0.85
2025-12-08T04:07:45.713000+00:00,price_change,0.79,BUY,208.25,0.82,0.85
2025-12-08T04:07:45.881000+00:00,price_change,0.79,BUY,228.25,0.82,0.85
2025-12-08T04:07:46.389000+00:00,price_change,0.79,BUY,208.25,0.82,0.85
2025-12-08T04:07:46.473000+00:00,price_change,0.79,BUY,228.25,0.82,0.85
2025-12-08T04:07:46.900000+00:00,price_change,0.79,BUY,208.25,0.82,0.85
2025-12-08T04:07:47.076000+00:00,price_change,0.79,BUY,228.25,0.82,0.85
2025-12-08T04:07:47.581000+00:00,price_change,0.79,BUY,208.25,0.82,0.85
2025-12-08T04:07:47.672000+00:00,price_change,0.79,BUY,228.25,0.82,0.85
2025-12-08T04:07:48.267000+00:00,price_change,0.79,BUY,208.25,0.82,0.85
2025-12-08T04:07:48.430000+00:00,price_change,0.79,BUY,228.25,0.82,0.85
2025-12-08T04:07:48.946000+00:00,price_change,0.79,BUY,208.25,0.82,0.85
2025-12-08T04:07:49.024000+00:00,price_change,0.79,BUY,228.25,0.82,0.85
2025-12-08T04:07:49.459000+00:00,price_change,0.79,BUY,208.25,0.82,0.85
2025-12-08T04:07:49.624000+00:00,price_change,0.79,BUY,228.25,0.82,0.85
2025-12-08T04:07:50.138000+00:00,price_change,0.79,BUY,208.25,0.82,0.85
2025-12-08T04:07:50.224000+00:00,price_change,0.79,BUY,228.25,0.82,0.85
2025-12-08T04:07:50.661000+00:00,price_change,0.79,BUY,208.25,0.82,0.85
2025-12-08T04:07:50.851000+00:00,price_change,0.79,BUY,228.25,0.82,0.85
2025-12-08T04:07:51.328000+00:00,price_change,0.79,BUY,208.25,0.82,0.85
2025-12-08T04:07:51.433000+00:00,price_change,0.79,BUY,228.25,0.82,0.85
2025-12-08T04:07:52.008000+00:00,price_change,0.79,BUY,208.25,0.82,0.85
2025-12-08T04:07:52.178000+00:00,price_change,0.79,BUY,228.25,0.82,0.85
2025-12-08T04:07:52.200000+00:00,price_change,0.8,BUY,46.84,0.82,0.85
2025-12-08T04:07:52.698000+00:00,price_change,0.79,BUY,208.25,0.82,0.85
2025-12-08T04:07:52.790000+00:00,price_change,0.76,BUY,6847.88,0.82,0.85
2025-12-08T04:12:39.108000+00:00,price_change,0.87,SELL,1390.9,0.82,0.85
2025-12-08T04:12:52.584000+00:00,price_change,0.87,SELL,183.9,0.82,0.85
2025-12-08T04:13:00.789000+00:00,price_change,0.29,BUY,0,0.82,0.85
2025-12-08T04:13:36.813000+00:00,price_change,0.87,SELL,1390.9,0.82,0.85
2025-12-08T04:13:50.354000+00:00,price_change,0.87,SELL,183.9,0.82,0.85
2025-12-08T04:17:15.014000+00:00,price_change,0.78,BUY,500,0.82,0.85
2025-12-08T04:17:15.113000+00:00,price_change,0.76,BUY,6867.88,0.82,0.85
2025-12-08T04:18:32.175000+00:00,price_change,0.29,BUY,1034,0.82,0.85
2025-12-08T04:18:33.763000+00:00,price_change,0.89,SELL,10,0.82,0.85
2025-12-08T04:18:33.860000+00:00,price_change,0.79,BUY,218.25,0.82,0.85
2025-12-08T04:20:02.251000+00:00,price_change,0.09,BUY,100,0.82,0.85
2025-12-08T04:20:02.348000+00:00,price_change,0.16,BUY,0,0.82,0.85
2025-12-08T04:20:03.057000+00:00,price_change,0.18,BUY,0,0.82,0.85
2025-12-08T04:21:55.570000+00:00,price_change,0.76,BUY,6847.88,0.82,0.85
2025-12-08T04:21:55.574000+00:00,price_change,0.19,BUY,0,0.82,0.85
2025-12-08T04:21:55.719000+00:00,price_change,0.75,BUY,5020,0.82,0.85
2025-12-08T04:21:55.805000+00:00,price_change,0.87,SELL,1390.9,0.82,0.85
2025-12-08T04:21:56.856000+00:00,price_change,0.18,BUY,5.91,0.82,0.85
2025-12-08T04:22:03.240000+00:00,price_change,0.1,BUY,2400,0.82,0.85
2025-12-08T04:22:17.457000+00:00,price_change,0.29,BUY,0,0.82,0.85
2025-12-08T04:22:44.527000+00:00,price_change,0.09,BUY,0,0.82,0.85
2025-12-08T04:22:45.087000+00:00,price_change,0.07,BUY,200,0.82,0.85
2025-12-08T04:23:48.277000+00:00,price_change,0.87,SELL,183.9,0.82,0.85
2025-12-08T04:24:17.290000+00:00,price_change,0.18,BUY,893.91,0.82,0.85
2025-12-08T04:26:31.881000+00:00,price_change,0.18,BUY,888,0.82,0.85
2025-12-08T04:26:32.341000+00:00,price_change,0.19,BUY,5.39,0.82,0.85
2025-12-08T04:27:23.286000+00:00,price_change,0.16,BUY,1000,0.82,0.85
2025-12-08T04:30:28.001000+00:00,price_change,0.87,SELL,1390.9,0.82,0.85
2025-12-08T04:30:53.118000+00:00,price_change,0.87,SELL,183.9,0.82,0.85
2025-12-08T04:31:13.772000+00:00,price_change,0.29,BUY,1034,0.82,0.85
2025-12-08T04:35:44+00:00,price_change,0.8,BUY,36.84,0.82,0.85
2025-12-08T04:35:48.009000+00:00,price_change,0.8,BUY,46.84,0.82,0.85
2025-12-08T04:36:50.152000+00:00,price_change,0.79,BUY,208.25,0.82,0.85
2025-12-08T04:36:50.153000+00:00,price_change,0.89,SELL,0,0.82,0.85
2025-12-08T04:39:44.294000+00:00,price_change,0.87,SELL,1390.9,0.82,0.85
2025-12-08T04:40:53.419000+00:00,price_change,0.87,SELL,183.9,0.82,0.85
2025-12-08T04:40:55.298000+00:00,price_change,0.87,SELL,1390.9,0.82,0.85
2025-12-08T04:41:22.503000+00:00,price_change,0.87,SELL,183.9,0.82,0.85
2025-12-08T04:42:06.496000+00:00,price_change,0.75,BUY,5000,0.82,0.85
2025-12-08T04:42:06.761000+00:00,price_change,0.76,BUY,6867.88,0.82,0.85
2025-12-08T04:43:23.510000+00:00,price_change,0.98,SELL,0,0.82,0.85
2025-12-08T04:43:23.685000+00:00,price_change,0.98,SELL,3038,0.82,0.85
2025-12-08T04:43:23.997000+00:00,price_change,0.37,BUY,40,0.82,0.85
2025-12-08T04:43:24.160000+00:00,price_change,0.37,BUY,3812,0.82,0.85
2025-12-08T04:50:02.506000+00:00,price_change,0.16,BUY,0,0.82,0.85
2025-12-08T04:50:02.586000+00:00,price_change,0.18,BUY,0,0.82,0.85
2025-12-08T04:50:02.645000+00:00,price_change,0.1,BUY,0,0.82,0.85
2025-12-08T04:50:13.073000+00:00,price_change,0.76,BUY,6847.88,0.82,0.85
2025-12-08T04:50:22.776000+00:00,price_change,0.75,BUY,5020,0.82,0.85
2025-12-08T04:50:58.889000+00:00,price_change,0.19,BUY,0,0.82,0.85
2025-12-08T04:50:59.258000+00:00,price_change,0.18,BUY,5.91,0.82,0.85
2025-12-08T04:52:15.220000+00:00,price_change,0.16,BUY,1000,0.82,0.85
2025-12-08T04:52:23.538000+00:00,price_change,0.08,BUY,3000,0.82,0.85
2025-12-08T04:52:41.149000+00:00,price_change,0.76,BUY,6827.88,0.82,0.85
2025-12-08T04:52:41.212000+00:00,price_change,0.75,BUY,5040,0.82,0.85
2025-12-08T04:54:25.030000+00:00,price_change,0.18,BUY,893.91,0.82,0.85
2025-12-08T04:54:30.778000+00:00,price_change,0.85,SELL,1338.86,0.82,0.85
2025-12-08T04:55:47.348000+00:00,price_change,0.18,BUY,888,0.82,0.85
2025-12-08T04:55:47.871000+00:00,price_change,0.19,BUY,5.39,0.82,0.85
2025-12-08T04:55:52.034000+00:00,price_change,0.07,BUY,0,0.82,0.85
2025-12-08T04:55:52.609000+00:00,price_change,0.08,BUY,3100,0.82,0.85
2025-12-08T04:59:52.001000+00:00,price_change,0.8,BUY,36.84,0.82,0.85
2025-12-08T04:59:57.009000+00:00,price_change,0.8,BUY,46.84,0.82,0.85
2025-12-08T05:06:43.784000+00:00,price_change,0.29,BUY,0,0.82,0.85
2025-12-08T05:10:32.598000+00:00,price_change,0.29,BUY,1034,0.82,0.85
2025-12-08T05:20:02.790000+00:00,price_change,0.08,BUY,100,0.82,0.85
2025-12-08T05:20:02.898000+00:00,price_change,0.16,BUY,0,0.82,0.85
2025-12-08T05:20:03.011000+00:00,price_change,0.18,BUY,0,0.82,0.85
2025-12-08T05:21:40.735000+00:00,price_change,0.19,BUY,0,0.82,0.85
2025-12-08T05:21:42.039000+00:00,price_change,0.18,BUY,5.91,0.82,0.85
2025-12-08T05:22:49.419000+00:00,price_change,0.98,SELL,0,0.82,0.85
2025-12-08T05:22:49.579000+00:00,price_change,0.98,SELL,3049,0.82,0.85
2025-12-08T05:22:49.866000+00:00,price_change,0.37,BUY,40,0.82,0.85
2025-12-08T05:22:50.028000+00:00,price_change,0.37,BUY,3817,0.82,0.85
2025-12-08T05:23:03.434000+00:00,price_change,0.16,BUY,1000,0.82,0.85
2025-12-08T05:23:58.555000+00:00,price_change,0.08,BUY,0,0.82,0.85
2025-12-08T05:23:58.890000+00:00,price_change,0.07,BUY,200,0.82,0.85
2025-12-08T05:24:22.777000+00:00,price_change,0.18,BUY,893.91,0.82,0.85
2025-12-08T05:26:38.443000+00:00,price_change,0.09,BUY,2666,0.82,0.85
2025-12-08T05:26:39.696000+00:00,price_change,0.18,BUY,888,0.82,0.85
2025-12-08T05:26:40.447000+00:00,price_change,0.19,BUY,5.39,0.82,0.85
2025-12-08T05:27:42.001000+00:00,price_change,0.8,BUY,36.84,0.82,0.85
2025-12-08T05:27:43.471000+00:00,price_change,0.8,BUY,46.84,0.82,0.85
2025-12-08T05:30:23.610000+00:00,price_change,0.07,BUY,0,0.82,0.85
2025-12-08T05:30:24.001000+00:00,price_change,0.09,BUY,2766,0.82,0.85
2025-12-08T05:40:34.090000+00:00,price_change,0.87,SELL,1101.9,0.82,0.85
2025-12-08T05:40:34.092000+00:00,price_change,0.78,BUY,2206,0.82,0.85
2025-12-08T05:40:34.093000+00:00,price_change,0.87,SELL,2330.9,0.82,0.85
2025-12-08T05:40:34.644000+00:00,price_change,0.75,BUY,5020,0.82,0.85
2025-12-08T05:40:34.802000+00:00,price_change,0.76,BUY,6847.88,0.82,0.85
2025-12-08T05:40:56.972000+00:00,price_change,0.79,BUY,216.25,0.82,0.85
2025-12-08T05:40:56.986000+00:00,price_change,0.87,SELL,1412.9,0.82,0.85
2025-12-08T05:40:56.987000+00:00,price_change,0.87,SELL,183.9,0.82,0.85
2025-12-08T05:40:56.987000+00:00,price_change,0.78,BUY,500,0.82,0.85
2025-12-08T05:42:53.674000+00:00,price_change,0.79,BUY,208.25,0.82,0.85
2025-12-08T05:43:09.264000+00:00,price_change,0.79,BUY,216.25,0.82,0.85
2025-12-08T05:43:16.766000+00:00,price_change,0.29,BUY,0,0.82,0.85
2025-12-08T05:43:26.791000+00:00,price_change,0.75,BUY,5000,0.82,0.85
2025-12-08T05:43:35.927000+00:00,price_change,0.76,BUY,6867.88,0.82,0.85
2025-12-08T05:44:05.205000+00:00,price_change,0.79,BUY,208.25,0.82,0.85
2025-12-08T05:44:12.705000+00:00,price_change,0.79,BUY,216.25,0.82,0.85
2025-12-08T05:44:40.848000+00:00,price_change,0.79,BUY,208.25,0.82,0.85
2025-12-08T05:45:06.706000+00:00,price_change,0.87,SELL,1412.9,0.82,0.85
2025-12-08T05:45:06.710000+00:00,price_change,0.87,SELL,2330.9,0.82,0.85
2025-12-08T05:45:06.713000+00:00,price_change,0.78,BUY,2206,0.82,0.85
2025-12-08T05:45:15.559000+00:00,price_change,0.87,SELL,1412.9,0.82,0.85
2025-12-08T05:45:15.560000+00:00,price_change,0.87,SELL,183.9,0.82,0.85
2025-12-08T05:45:15.560000+00:00,price_change,0.78,BUY,500,0.82,0.85
2025-12-08T05:45:24.359000+00:00,price_change,0.87,SELL,1412.9,0.82,0.85
2025-12-08T05:45:24.361000+00:00,price_change,0.78,BUY,2206,0.82,0.85
2025-12-08T05:45:24.382000+00:00,price_change,0.87,SELL,2330.9,0.82,0.85
2025-12-08T05:45:34.552000+00:00,price_change,0.87,SELL,1412.9,0.82,0.85
2025-12-08T05:45:34.553000+00:00,price_change,0.87,SELL,183.9,0.82,0.85
2025-12-08T05:45:34.553000+00:00,price_change,0.78,BUY,500,0.82,0.85
2025-12-08T05:45:34.554000+00:00,price_change,0.79,BUY,216.25,0.82,0.85
2025-12-08T05:48:58.294000+00:00,price_change,0.29,BUY,1034,0.82,0.85
2025-12-08T05:49:20.749000+00:00,price_change,0.79,BUY,208.25,0.82,0.85
2025-12-08T05:49:25.341000+00:00,price_change,0.76,BUY,6847.88,0.82,0.85
2025-12-08T05:49:25.461000+00:00,price_change,0.75,BUY,5020,0.82,0.85
2025-12-08T05:49:42.943000+00:00,price_change,0.79,BUY,216.25,0.82,0.85
2025-12-08T05:50:02.237000+00:00,price_change,0.18,BUY,0,0.82,0.85
2025-12-08T05:50:02.346000+00:00,price_change,0.16,BUY,0,0.82,0.85
2025-12-08T05:50:02.346000+00:00,price_change,0.09,BUY,100,0.82,0.85
2025-12-08T05:52:28.887000+00:00,price_change,0.19,BUY,0,0.82,0.85
2025-12-08T05:52:29.457000+00:00,price_change,0.18,BUY,5.91,0.82,0.85
2025-12-08T05:52:53.005000+00:00,price_change,0.8,BUY,36.84,0.82,0.85
2025-12-08T05:53:03.835000+00:00,price_change,0.8,BUY,46.84,0.82,0.85
2025-12-08T05:54:06.323000+00:00,price_change,0.1,BUY,2400,0.82,0.85
2025-12-08T05:54:13.797000+00:00,price_change,0.18,BUY,893.91,0.82,0.85
2025-12-08T05:54:47.955000+00:00,price_change,0.79,BUY,208.25,0.82,0.85
2025-12-08T05:54:54.202000+00:00,price_change,0.18,BUY,888,0.82,0.85
2025-12-08T05:54:54.931000+00:00,price_change,0.19,BUY,5.39,0.82,0.85
2025-12-08T05:55:01.472000+00:00,price_change,0.76,BUY,6827.88,0.82,0.85
2025-12-08T05:55:06.138000+00:00,price_change,0.87,SELL,1101.9,0.82,0.85
2025-12-08T05:55:06.142000+00:00,price_change,0.78,BUY,2206,0.82,0.85
2025-12-08T05:55:06.143000+00:00,price_change,0.87,SELL,2330.9,0.82,0.85
2025-12-08T05:55:14.637000+00:00,price_change,0.76,BUY,6847.88,0.82,0.85
2025-12-08T05:55:27.667000+00:00,price_change,0.79,BUY,216.25,0.82,0.85
2025-12-08T05:55:27.671000+00:00,price_change,0.87,SELL,1412.9,0.82,0.85
2025-12-08T05:55:27.672000+00:00,price_change,0.87,SELL,183.9,0.82,0.85
2025-12-08T05:55:27.672000+00:00,price_change,0.78,BUY,500,0.82,0.85
2025-12-08T05:55:50.896000+00:00,price_change,0.09,BUY,0,0.82,0.85
2025-12-08T05:55:51.275000+00:00,price_change,0.07,BUY,200,0.82,0.85
2025-12-08T05:57:26.919000+00:00,price_change,0.29,BUY,0,0.82,0.85
2025-12-08T05:58:46.669000+00:00,price_change,0.87,SELL,1412.9,0.82,0.85
2025-12-08T05:58:46.671000+00:00,price_change,0.87,SELL,2330.9,0.82,0.85
2025-12-08T05:58:46.673000+00:00,price_change,0.78,BUY,2157,0.82,0.85
2025-12-08T05:58:46.674000+00:00,price_change,0.79,BUY,208.25,0.82,0.85
2025-12-08T05:58:53.496000+00:00,price_change,0.79,BUY,216.25,0.82,0.85
2025-12-08T05:58:53.504000+00:00,price_change,0.87,SELL,1412.9,0.82,0.85
2025-12-08T05:58:53.504000+00:00,price_change,0.87,SELL,183.9,0.82,0.85
2025-12-08T05:58:53.504000+00:00,price_change,0.78,BUY,500,0.82,0.85
2025-12-08T06:00:57.978000+00:00,price_change,0.16,BUY,1000,0.82,0.85
2025-12-08T06:01:02.290000+00:00,price_change,0.29,BUY,1034,0.82,0.85
2025-12-08T06:03:19.776000+00:00,price_change,0.98,SELL,0,0.82,0.85
2025-12-08T06:03:19.942000+00:00,price_change,0.98,SELL,3003,0.82,0.85
2025-12-08T06:03:20.248000+00:00,price_change,0.37,BUY,40,0.82,0.85
2025-12-08T06:03:20.406000+00:00,price_change,0.37,BUY,3787,0.82,0.85
2025-12-08T06:03:21.336000+00:00,price_change,0.79,BUY,208.25,0.82,0.85
2025-12-08T06:03:44.738000+00:00,price_change,0.79,BUY,216.25,0.82,0.85
2025-12-08T06:04:25.181000+00:00,price_change,0.79,BUY,8,0.82,0.85
2025-12-08T06:04:26.615000+00:00,price_change,0.8,BUY,61.84,0.82,0.85
2025-12-08T06:04:26.649000+00:00,price_change,0.79,BUY,216.25,0.82,0.85
2025-12-08T06:08:00.717000+00:00,price_change,0.79,BUY,208.25,0.82,0.85
2025-12-08T06:08:16.914000+00:00,price_change,0.76,BUY,6827.88,0.82,0.85
2025-12-08T06:08:22.967000+00:00,price_change,0.79,BUY,216.25,0.82,0.85
2025-12-08T06:08:28.135000+00:00,price_change,0.75,BUY,5040,0.82,0.85
2025-12-08T06:09:10.294000+00:00,price_change,0.79,BUY,208.25,0.82,0.85
2025-12-08T06:09:35.518000+00:00,price_change,0.79,BUY,216.25,0.82,0.85
2025-12-08T06:09:43.194000+00:00,price_change,0.75,BUY,5020,0.82,0.85
2025-12-08T06:09:43.305000+00:00,price_change,0.76,BUY,6847.88,0.82,0.85
2025-12-08T06:13:09.420000+00:00,price_change,0.79,BUY,208.25,0.82,0.85
2025-12-08T06:13:34.271000+00:00,price_change,0.79,BUY,216.25,0.82,0.85
2025-12-08T06:15:18.426000+00:00,price_change,0.79,BUY,208.25,0.82,0.85
2025-12-08T06:15:38.138000+00:00,price_change,0.79,BUY,216.25,0.82,0.85
2025-12-08T06:16:02.575000+00:00,price_change,0.29,BUY,0,0.82,0.85
2025-12-08T06:16:41.427000+00:00,price_change,0.79,BUY,8,0.82,0.85
2025-12-08T06:16:41.427000+00:00,price_change,0.8,BUY,46.84,0.82,0.85
2025-12-08T06:16:51.522000+00:00,price_change,0.79,BUY,0,0.82,0.85
2025-12-08T06:16:51.524000+00:00,price_change,0.78,BUY,1759,0.82,0.85
2025-12-08T06:17:08.428000+00:00,price_change,0.78,BUY,500,0.82,0.85
2025-12-08T06:17:08.428000+00:00,price_change,0.79,BUY,8,0.82,0.85
2025-12-08T06:17:18.965000+00:00,price_change,0.79,BUY,0,0.82,0.85
2025-12-08T06:17:18.971000+00:00,price_change,0.78,BUY,1751,0.82,0.85
2025-12-08T06:18:08.618000+00:00,price_change,0.86,SELL,1047,0.82,0.85
2025-12-08T06:18:08.622000+00:00,price_change,0.78,BUY,500,0.82,0.85
2025-12-08T06:18:08.624000+00:00,price_change,0.78,BUY,1666,0.82,0.85
2025-12-08T06:18:14+00:00,price_change,0.8,BUY,36.84,0.82,0.85
2025-12-08T06:18:28.010000+00:00,price_change,0.8,BUY,46.84,0.82,0.85
2025-12-08T06:19:17.517000+00:00,price_change,0.8,BUY,61.84,0.82,0.85
2025-12-08T06:19:17.547000+00:00,price_change,0.79,BUY,208.25,0.82,0.85
2025-12-08T06:20:02.633000+00:00,price_change,0.18,BUY,0,0.82,0.85
2025-12-08T06:20:02.920000+00:00,price_change,0.1,BUY,0,0.82,0.85
2025-12-08T06:20:03.040000+00:00,price_change,0.16,BUY,0,0.82,0.85
2025-12-08T06:21:10.329000+00:00,price_change,0.29,BUY,1034,0.82,0.85
2025-12-08T06:22:18.239000+00:00,price_change,0.29,BUY,0,0.82,0.85
2025-12-08T06:22:24.227000+00:00,price_change,0.19,BUY,0,0.82,0.85
2025-12-08T06:22:25.767000+00:00,price_change,0.18,BUY,5.91,0.82,0.85
2025-12-08T06:23:15.660000+00:00,price_change,0.16,BUY,1000,0.82,0.85
2025-12-08T06:23:29.302000+00:00,price_change,0.86,SELL,1035,0.82,0.85
2025-12-08T06:23:29.307000+00:00,price_change,0.86,SELL,1055,0.82,0.85
2025-12-08T06:23:35.378000+00:00,price_change,0.78,BUY,500,0.82,0.85
2025-12-08T06:23:35.378000+00:00,price_change,0.86,SELL,1035,0.82,0.85
2025-12-08T06:23:37.727000+00:00,price_change,0.76,BUY,6827.88,0.82,0.85
2025-12-08T06:23:37.816000+00:00,price_change,0.75,BUY,5040,0.82,0.85
2025-12-08T06:23:52.048000+00:00,price_change,0.86,SELL,1055,0.82,0.85
2025-12-08T06:23:52.050000+00:00,price_change,0.78,BUY,1666,0.82,0.85
2025-12-08T06:23:54.565000+00:00,price_change,0.86,SELL,1035,0.82,0.85
2025-12-08T06:23:54.565000+00:00,price_change,0.78,BUY,500,0.82,0.85
2025-12-08T06:24:06.935000+00:00,price_change,0.86,SELL,1055,0.82,0.85
2025-12-08T06:24:06.938000+00:00,price_change,0.78,BUY,1666,0.82,0.85
2025-12-08T06:24:26.208000+00:00,price_change,0.18,BUY,893.91,0.82,0.85
2025-12-08T06:25:34.245000+00:00,price_change,0.86,SELL,1035,0.82,0.85
2025-12-08T06:25:34.245000+00:00,price_change,0.78,BUY,500,0.82,0.85
2025-12-08T06:25:38.107000+00:00,price_change,0.78,BUY,1666,0.82,0.85
2025-12-08T06:25:38.108000+00:00,price_change,0.86,SELL,1055,0.82,0.85
2025-12-10T02:29:43.580000+00:00,book,0.82,BUY,241.89,0.82,0.84
2025-12-10T02:29:43.580000+00:00,book,0.84,SELL,570.1,0.82,0.84
2025-12-10T02:40:31.403000+00:00,book,0.82,BUY,241.89,0.82,0.84
2025-12-10T02:40:31.403000+00:00,book,0.84,SELL,570.1,0.82,0.84
2025-12-10T02:44:42.564000+00:00,price_change,0.87,SELL,1400.9,0.82,0.84
2025-12-10T02:44:42.657000+00:00,price_change,0.79,BUY,32.89,0.82,0.84
2025-12-10T02:46:40.940000+00:00,book,0.82,BUY,241.89,0.82,0.84
2025-12-10T02:46:40.940000+00:00,book,0.84,SELL,570.1,0.82,0.84
2025-12-10T02:46:47.669000+00:00,price_change,0.8,BUY,206.6,0.82,0.84
2025-12-10T02:46:51.508000+00:00,price_change,0.8,BUY,194.78,0.82,0.84
2025-12-10T02:46:54.315000+00:00,price_change,0.8,BUY,206.6,0.82,0.84
2025-12-10T02:46:55.025000+00:00,price_change,0.8,BUY,194.78,0.82,0.84
2025-12-10T02:46:55.667000+00:00,price_change,0.8,BUY,206.6,0.82,0.84
2025-12-10T02:46:56.497000+00:00,price_change,0.8,BUY,194.78,0.82,0.84
2025-12-10T02:46:57.758000+00:00,price_change,0.8,BUY,206.6,0.82,0.84
2025-12-10T02:46:58.464000+00:00,price_change,0.8,BUY,194.78,0.82,0.84
2025-12-10T02:46:59.006000+00:00,price_change,0.8,BUY,206.6,0.82,0.84
2025-12-10T02:46:59.579000+00:00,price_change,0.8,BUY,194.78,0.82,0.84
2025-12-10T02:47:00.701000+00:00,price_change,0.8,BUY,206.6,0.82,0.84
2025-12-10T02:47:01.620000+00:00,price_change,0.8,BUY,194.78,0.82,0.84
2025-12-10T02:47:01.969000+00:00,price_change,0.8,BUY,206.6,0.82,0.84
2025-12-10T02:47:02.279000+00:00,price_change,0.8,BUY,194.78,0.82,0.84
2025-12-10T02:47:04.708000+00:00,price_change,0.8,BUY,208.78,0.82,0.84
2025-12-10T02:47:04.708000+00:00,book,0.82,BUY,241.89,0.82,0.84
2025-12-10T02:47:04.708000+00:00,book,0.84,SELL,570.1,0.82,0.84
2025-12-10T02:50:01.998000+00:00,price_change,0.18,BUY,0,0.82,0.84
2025-12-10T02:50:02.514000+00:00,price_change,0.16,BUY,0,0.82,0.84
2025-12-10T02:50:02.544000+00:00,price_change,0.08,BUY,100,0.82,0.84
2025-12-10T03:13:19.134000+00:00,book,0.82,BUY,241.89,0.82,0.84
2025-12-10T03:13:19.134000+00:00,book,0.84,SELL,570.1,0.82,0.84
2025-12-10T03:14:46.583000+00:00,price_change,0.75,BUY,5000,0.82,0.84
2025-12-10T03:34:08.725000+00:00,book,0.82,BUY,241.89,0.82,0.84
2025-12-10T03:34:08.725000+00:00,book,0.84,SELL,570.1,0.82,0.84
2025-12-10T03:34:40.449000+00:00,price_change,0.87,SELL,1400.9,0.82,0.84
2025-12-10T03:34:40.533000+00:00,price_change,0.79,BUY,32.89,0.82,0.84
2025-12-10T03:35:56.496000+00:00,price_change,0.98,SELL,0,0.82,0.84
2025-12-10T03:35:56.646000+00:00,price_change,0.98,SELL,3017,0.82,0.84
2025-12-10T03:35:56.938000+00:00,price_change,0.37,BUY,40,0.82,0.84
2025-12-10T03:35:57.097000+00:00,price_change,0.37,BUY,3778,0.82,0.84
2025-12-10T03:36:06.511000+00:00,price_change,0.29,BUY,1034,0.82,0.84
2025-12-10T03:43:52.222000+00:00,price_change,0.51,BUY,0,0.82,0.84
2025-12-10T03:43:52.271000+00:00,price_change,0.51,BUY,5,0.82,0.84
2025-12-10T03:48:38.635000+00:00,price_change,0.87,SELL,193.9,0.82,0.84
2025-12-10T03:48:40.868000+00:00,price_change,0.87,SELL,1400.9,0.82,0.84
2025-12-10T03:48:42.752000+00:00,price_change,0.79,BUY,22.89,0.82,0.84
2025-12-10T03:48:42.753000+00:00,price_change,0.87,SELL,1390.9,0.82,0.84
2025-12-10T03:50:02.540000+00:00,price_change,0.1,BUY,0,0.82,0.84
2025-12-10T03:50:02.571000+00:00,price_change,0.18,BUY,0,0.82,0.84
2025-12-10T03:50:02.632000+00:00,price_change,0.16,BUY,0,0.82,0.84
2025-12-10T03:53:56.941000+00:00,price_change,0.18,BUY,888,0.82,0.84
2025-12-10T03:54:24.218000+00:00,price_change,0.08,BUY,3000,0.82,0.84
2025-12-10T03:56:52.796000+00:00,price_change,0.07,BUY,0,0.82,0.84
2025-12-10T03:56:53.414000+00:00,price_change,0.08,BUY,3100,0.82,0.84
2025-12-10T03:59:09.937000+00:00,price_change,0.16,BUY,1000,0.82,0.84
2025-12-10T04:09:51.113000+00:00,price_change,0.03,BUY,300005.94,0.82,0.84
2025-12-10T04:09:52.252000+00:00,price_change,0.01,BUY,1211262.8,0.82,0.84
2025-12-10T04:09:52.464000+00:00,price_change,0.17,BUY,6080,0.82,0.84
2025-12-10T04:12:27.216000+00:00,price_change,0.01,BUY,1210762.8,0.82,0.84
2025-12-10T04:12:27.216000+00:00,price_change,0.17,BUY,6040,0.82,0.84
2025-12-10T04:12:28.292000+00:00,price_change,0.03,BUY,300305.94,0.82,0.84
2025-12-10T04:14:17.146000+00:00,price_change,0.87,SELL,1400.9,0.82,0.84
2025-12-10T04:14:17.230000+00:00,price_change,0.79,BUY,32.89,0.82,0.84
2025-12-10T04:14:26.996000+00:00,price_change,0.51,BUY,0,0.82,0.84
2025-12-10T04:14:27.046000+00:00,price_change,0.51,BUY,5,0.82,0.84
2025-12-10T04:15:25.829000+00:00,price_change,0.98,SELL,0,0.82,0.84
2025-12-10T04:15:25.995000+00:00,price_change,0.98,SELL,3026,0.82,0.84
2025-12-10T04:15:26.300000+00:00,price_change,0.37,BUY,40,0.82,0.84
2025-12-10T04:15:26.475000+00:00,price_change,0.37,BUY,3806,0.82,0.84
2025-12-10T04:16:02.330000+00:00,price_change,0.29,BUY,0,0.82,0.84
2025-12-10T04:19:11.494000+00:00,price_change,0.29,BUY,1034,0.82,0.84
2025-12-10T04:20:02.123000+00:00,price_change,0.18,BUY,0,0.82,0.84
2025-12-10T04:20:02.795000+00:00,price_change,0.08,BUY,100,0.82,0.84
2025-12-10T04:20:03.028000+00:00,price_change,0.16,BUY,0,0.82,0.84
2025-12-10T04:22:51.258000+00:00,price_change,0.08,BUY,0,0.82,0.84
2025-12-10T04:22:51.686000+00:00,price_change,0.07,BUY,200,0.82,0.84
2025-12-10T04:24:05.382000+00:00,price_change,0.18,BUY,888,0.82,0.84
2025-12-10T04:25:40.734000+00:00,price_change,0.09,BUY,2666,0.82,0.84
2025-12-10T04:25:43.606000+00:00,price_change,0.16,BUY,1000,0.82,0.84
2025-12-10T04:28:54.838000+00:00,price_change,0.07,BUY,0,0.82,0.84
2025-12-10T04:28:55.299000+00:00,price_change,0.09,BUY,2766,0.82,0.84
2025-12-10T04:31:50.894000+00:00,price_change,0.29,BUY,0,0.82,0.84
2025-12-10T04:33:18.623000+00:00,price_change,0.29,BUY,1034,0.82,0.84
2025-12-10T04:40:37.453000+00:00,price_change,0.79,BUY,22.89,0.82,0.84
2025-12-10T04:40:37.453000+00:00,price_change,0.87,SELL,1390.9,0.82,0.84
2025-12-10T04:45:05.002000+00:00,price_change,0.51,BUY,0,0.82,0.84
2025-12-10T04:45:05.065000+00:00,price_change,0.51,BUY,5,0.82,0.84
2025-12-10T04:50:02.319000+00:00,price_change,0.87,SELL,183.9,0.82,0.84
2025-12-10T04:50:02.406000+00:00,price_change,0.09,BUY,100,0.82,0.84
2025-12-10T04:50:02.450000+00:00,price_change,0.16,BUY,0,0.82,0.84
2025-12-10T04:50:02.489000+00:00,price_change,0.18,BUY,0,0.82,0.84
2025-12-10T04:51:29.145000+00:00,price_change,0.75,BUY,5000,0.82,0.84
2025-12-10T04:51:29.247000+00:00,price_change,0.74,BUY,20,0.82,0.84
2025-12-10T04:53:39.078000+00:00,price_change,0.09,BUY,0,0.82,0.84
2025-12-10T04:53:39.409000+00:00,price_change,0.07,BUY,200,0.82,0.84
2025-12-10T04:54:06.430000+00:00,price_change,0.18,BUY,888,0.82,0.84
2025-12-10T04:54:27.197000+00:00,price_change,0.74,BUY,0,0.82,0.84
2025-12-10T04:54:27.266000+00:00,price_change,0.71,BUY,20,0.82,0.84
2025-12-10T04:54:27.383000+00:00,price_change,0.29,BUY,0,0.82,0.84
2025-12-10T04:55:54.099000+00:00,price_change,0.81,BUY,814.29,0.82,0.84
2025-12-10T04:58:35.808000+00:00,price_change,0.71,BUY,0,0.82,0.84
2025-12-10T04:58:35.918000+00:00,price_change,0.71,BUY,20,0.82,0.84
2025-12-10T04:58:39.625000+00:00,price_change,0.98,SELL,0,0.82,0.84
2025-12-10T04:58:39.788000+00:00,price_change,0.98,SELL,3047,0.82,0.84
2025-12-10T04:58:40.093000+00:00,price_change,0.37,BUY,40,0.82,0.84
2025-12-10T04:58:40.265000+00:00,price_change,0.37,BUY,3771,0.82,0.84
2025-12-10T04:59:24.287000+00:00,price_change,0.29,BUY,1034,0.82,0.84
2025-12-10T04:59:27.810000+00:00,price_change,0.1,BUY,2400,0.82,0.84
2025-12-10T04:59:35.888000+00:00,price_change,0.16,BUY,1000,0.82,0.84
2025-12-10T05:03:05.255000+00:00,price_change,0.71,BUY,0,0.82,0.84
2025-12-10T05:03:05.389000+00:00,price_change,0.74,BUY,20,0.82,0.84
2025-12-10T05:04:30.861000+00:00,price_change,0.87,SELL,193.9,0.82,0.84
2025-12-10T05:04:30.944000+00:00,price_change,0.79,BUY,32.89,0.82,0.84
2025-12-10T05:05:50.162000+00:00,price_change,0.74,BUY,0,0.82,0.84
2025-12-10T05:05:50.319000+00:00,price_change,0.71,BUY,20,0.82,0.84
2025-12-10T05:09:57.386000+00:00,price_change,0.71,BUY,0,0.82,0.84
2025-12-10T05:09:57.812000+00:00,price_change,0.74,BUY,20,0.82,0.84
2025-12-10T05:11:48.739000+00:00,price_change,0.74,BUY,0,0.82,0.84
2025-12-10T05:11:48.844000+00:00,price_change,0.71,BUY,20,0.82,0.84
2025-12-10T05:15:39.585000+00:00,price_change,0.71,BUY,0,0.82,0.84
2025-12-10T05:15:39.718000+00:00,price_change,0.71,BUY,20,0.82,0.84
2025-12-10T05:15:50.649000+00:00,price_change,0.51,BUY,0,0.82,0.84
2025-12-10T05:15:50.708000+00:00,price_change,0.51,BUY,5,0.82,0.84
2025-12-10T05:18:34.744000+00:00,price_change,0.29,BUY,0,0.82,0.84
2025-12-10T05:20:02.511000+00:00,price_change,0.16,BUY,0,0.82,0.84
2025-12-10T05:20:02.584000+00:00,price_change,0.1,BUY,0,0.82,0.84
2025-12-10T05:20:02.747000+00:00,price_change,0.71,BUY,0,0.82,0.84
2025-12-10T05:20:02.793000+00:00,price_change,0.18,BUY,0,0.82,0.84
2025-12-10T05:20:04.137000+00:00,price_change,0.74,BUY,20,0.82,0.84
2025-12-10T05:22:53.121000+00:00,price_change,0.08,BUY,3000,0.82,0.84
2025-12-10T05:24:12.943000+00:00,price_change,0.18,BUY,888,0.82,0.84
2025-12-10T05:24:40.603000+00:00,price_change,0.19,BUY,0,0.82,0.84
2025-12-10T05:24:41.610000+00:00,price_change,0.18,BUY,894.22,0.82,0.84
2025-12-10T05:24:50.598000+00:00,price_change,0.07,BUY,0,0.82,0.84
2025-12-10T05:24:51.151000+00:00,price_change,0.08,BUY,3100,0.82,0.84
2025-12-10T05:24:59.868000+00:00,price_change,0.18,BUY,888,0.82,0.84
2025-12-10T05:25:00.399000+00:00,price_change,0.19,BUY,5.69,0.82,0.84
2025-12-10T05:28:21.174000+00:00,price_change,0.29,BUY,1034,0.82,0.84
2025-12-10T05:28:50.131000+00:00,price_change,0.16,BUY,1000,0.82,0.84
2025-12-10T05:36:28.970000+00:00,price_change,0.81,BUY,794.29,0.82,0.84
2025-12-10T05:39:28.910000+00:00,price_change,0.98,SELL,0,0.82,0.84
2025-12-10T05:39:29.080000+00:00,price_change,0.98,SELL,3004,0.82,0.84
2025-12-10T05:39:29.382000+00:00,price_change,0.37,BUY,40,0.82,0.84
2025-12-10T05:39:29.547000+00:00,price_change,0.37,BUY,3801,0.82,0.84
2025-12-10T05:41:05.742000+00:00,price_change,0.74,BUY,0,0.82,0.84
2025-12-10T05:41:05.856000+00:00,price_change,0.75,BUY,5020,0.82,0.84
2025-12-10T05:41:46.453000+00:00,price_change,0.81,BUY,814.29,0.82,0.84
2025-12-10T05:43:30.437000+00:00,price_change,0.75,BUY,5000,0.82,0.84
2025-12-10T05:43:30.521000+00:00,price_change,0.74,BUY,20,0.82,0.84
2025-12-10T05:46:20.826000+00:00,price_change,0.51,BUY,0,0.82,0.84
2025-12-10T05:46:20.871000+00:00,price_change,0.51,BUY,5,0.82,0.84
2025-12-10T05:50:02.706000+00:00,price_change,0.16,BUY,0,0.82,0.84
2025-12-10T05:50:02.780000+00:00,price_change,0.18,BUY,0,0.82,0.84
2025-12-10T05:50:02.832000+00:00,price_change,0.08,BUY,100,0.82,0.84
2025-12-10T05:50:49.494000+00:00,price_change,0.19,BUY,0,0.82,0.84
2025-12-10T05:50:49.996000+00:00,price_change,0.18,BUY,6.22,0.82,0.84
2025-12-10T05:53:12.926000+00:00,price_change,0.08,BUY,0,0.82,0.84
2025-12-10T05:53:13.514000+00:00,price_change,0.07,BUY,200,0.82,0.84
2025-12-10T05:53:26.408000+00:00,price_change,0.09,BUY,2666,0.82,0.84
2025-12-10T05:54:06.075000+00:00,price_change,0.18,BUY,894.22,0.82,0.84
2025-12-10T05:54:24.782000+00:00,price_change,0.74,BUY,0,0.82,0.84
2025-12-10T05:54:24.951000+00:00,price_change,0.71,BUY,20,0.82,0.84
2025-12-10T05:54:55.410000+00:00,price_change,0.18,BUY,888,0.82,0.84
2025-12-10T05:54:56.032000+00:00,price_change,0.19,BUY,5.69,0.82,0.84
2025-12-10T05:54:57.094000+00:00,price_change,0.19,BUY,11.38,0.82,0.84
2025-12-10T05:55:42.513000+00:00,price_change,0.19,BUY,5.69,0.82,0.84
2025-12-10T05:57:23.504000+00:00,price_change,0.07,BUY,0,0.82,0.84
2025-12-10T05:57:23.837000+00:00,price_change,0.09,BUY,2766,0.82,0.84
2025-12-10T05:58:16.573000+00:00,price_change,0.87,SELL,1401.9,0.82,0.84
2025-12-10T05:58:16.758000+00:00,price_change,0.71,BUY,0,0.82,0.84
2025-12-10T05:58:17.337000+00:00,price_change,0.74,BUY,20,0.82,0.84
2025-12-10T05:59:18.837000+00:00,price_change,0.29,BUY,0,0.82,0.84
2025-12-10T06:00:47.140000+00:00,price_change,0.74,BUY,0,0.82,0.84
2025-12-10T06:00:47.357000+00:00,price_change,0.71,BUY,20,0.82,0.84
2025-12-10T06:01:46.773000+00:00,price_change,0.16,BUY,1000,0.82,0.84
2025-12-10T06:03:50.728000+00:00,price_change,0.29,BUY,1034,0.82,0.84
2025-12-10T06:04:57.919000+00:00,price_change,0.71,BUY,0,0.82,0.84
2025-12-10T06:04:58.289000+00:00,price_change,0.71,BUY,20,0.82,0.84
2025-12-10T06:09:27.250000+00:00,price_change,0.71,BUY,0,0.82,0.84
2025-12-10T06:09:27.445000+00:00,price_change,0.71,BUY,20,0.82,0.84
2025-12-10T06:13:44.234000+00:00,price_change,0.71,BUY,0,0.82,0.84
2025-12-10T06:13:44.416000+00:00,price_change,0.74,BUY,20,0.82,0.84
2025-12-10T06:16:01.990000+00:00,price_change,0.29,BUY,0,0.82,0.84
2025-12-10T06:17:00.130000+00:00,price_change,0.51,BUY,0,0.82,0.84
2025-12-10T06:17:00.204000+00:00,price_change,0.51,BUY,5,0.82,0.84
2025-12-10T06:17:30.044000+00:00,price_change,0.29,BUY,1034,0.82,0.84
2025-12-10T06:17:48.907000+00:00,price_change,0.74,BUY,0,0.82,0.84
2025-12-10T06:17:49.148000+00:00,price_change,0.75,BUY,5020,0.82,0.84
2025-12-10T06:20:02.250000+00:00,price_change,0.18,BUY,0,0.82,0.84
2025-12-10T06:20:02.806000+00:00,price_change,0.09,BUY,100,0.82,0.84
2025-12-10T06:20:02.841000+00:00,price_change,0.16,BUY,0,0.82,0.84
2025-12-10T06:20:16.651000+00:00,price_change,0.19,BUY,0,0.82,0.84
2025-12-10T06:20:18.470000+00:00,price_change,0.18,BUY,6.22,0.82,0.84
2025-12-10T06:20:56.122000+00:00,price_change,0.81,BUY,766.35,0.82,0.84
2025-12-10T06:20:56.170000+00:00,price_change,0.81,BUY,798.41,0.82,0.84
2025-12-10T06:20:56.202000+00:00,price_change,0.81,BUY,778.41,0.82,0.84
2025-12-10T06:20:56.275000+00:00,price_change,0.8,BUY,214.78,0.82,0.84
2025-12-10T06:20:56.356000+00:00,price_change,0.81,BUY,758.41,0.82,0.84
2025-12-10T06:20:56.566000+00:00,price_change,0.8,BUY,234.78,0.82,0.84
2025-12-10T06:22:07.995000+00:00,price_change,0.09,BUY,0,0.82,0.84
2025-12-10T06:22:08.316000+00:00,price_change,0.07,BUY,200,0.82,0.84
2025-12-10T06:22:15.719000+00:00,price_change,0.75,BUY,5000,0.82,0.84
2025-12-10T06:22:15.921000+00:00,price_change,0.76,BUY,1327.88,0.82,0.84
2025-12-10T06:23:19.088000+00:00,price_change,0.98,SELL,0,0.82,0.84
2025-12-10T06:23:19.249000+00:00,price_change,0.98,SELL,3034,0.82,0.84
2025-12-10T06:23:19.497000+00:00,price_change,0.37,BUY,40,0.82,0.84
2025-12-10T06:23:19.656000+00:00,price_change,0.37,BUY,3771,0.82,0.84
2025-12-10T06:23:52.926000+00:00,price_change,0.87,SELL,193.9,0.82,0.84
2025-12-10T06:24:00.267000+00:00,price_change,0.87,SELL,1400.9,0.82,0.84
2025-12-10T06:24:19.114000+00:00,price_change,0.18,BUY,894.22,0.82,0.84
2025-12-10T06:24:51.982000+00:00,price_change,0.18,BUY,888,0.82,0.84
2025-12-10T06:24:52.311000+00:00,price_change,0.19,BUY,5.69,0.82,0.84
2025-12-10T06:26:27.654000+00:00,price_change,0.16,BUY,1000,0.82,0.84
2025-12-10T06:27:53.625000+00:00,price_change,0.1,BUY,2400,0.82,0.84
2025-12-10T06:29:30.871000+00:00,price_change,0.79,BUY,22.89,0.82,0.84
2025-12-10T06:29:30.871000+00:00,price_change,0.87,SELL,1390.9,0.82,0.84
2025-12-10T06:31:37.108000+00:00,price_change,0.8,BUY,214.78,0.82,0.84
2025-12-10T06:31:37.168000+00:00,price_change,0.8,BUY,234.78,0.82,0.84
2025-12-10T06:31:37.354000+00:00,price_change,0.8,BUY,214.78,0.82,0.84
2025-12-10T06:31:37.492000+00:00,price_change,0.8,BUY,234.78,0.82,0.84
2025-12-10T06:42:15.446000+00:00,price_change,0.8,BUY,214.78,0.82,0.84
2025-12-10T06:42:15.510000+00:00,price_change,0.8,BUY,194.78,0.82,0.84
2025-12-10T06:42:15.549000+00:00,price_change,0.8,BUY,214.78,0.82,0.84
2025-12-10T06:42:15.624000+00:00,price_change,0.8,BUY,234.78,0.82,0.84
2025-12-10T06:46:21.251000+00:00,price_change,0.76,BUY,1307.88,0.82,0.84
2025-12-10T06:46:21.580000+00:00,price_change,0.75,BUY,5020,0.82,0.84
2025-12-10T06:47:15.920000+00:00,price_change,0.8,BUY,214.78,0.82,0.84
2025-12-10T06:47:16.148000+00:00,price_change,0.81,BUY,778.41,0.82,0.84
2025-12-10T06:47:23.683000+00:00,price_change,0.8,BUY,194.78,0.82,0.84
2025-12-10T06:47:23.812000+00:00,price_change,0.81,BUY,798.41,0.82,0.84
2025-12-10T06:47:30.574000+00:00,price_change,0.51,BUY,0,0.82,0.84
2025-12-10T06:47:30.620000+00:00,price_change,0.51,BUY,5,0.82,0.84
2025-12-10T06:50:02.233000+00:00,price_change,0.18,BUY,0,0.82,0.84
2025-12-10T06:50:02.756000+00:00,price_change,0.1,BUY,0,0.82,0.84
2025-12-10T06:50:02.809000+00:00,price_change,0.16,BUY,0,0.82,0.84
2025-12-10T06:50:35.526000+00:00,price_change,0.19,BUY,0,0.82,0.84
2025-12-10T06:50:36.266000+00:00,price_change,0.18,BUY,6.22,0.82,0.84
2025-12-10T06:54:22.057000+00:00,price_change,0.18,BUY,894.22,0.82,0.84
2025-12-10T06:54:58.572000+00:00,price_change,0.18,BUY,888,0.82,0.84
2025-12-10T06:54:59.194000+00:00,price_change,0.19,BUY,5.69,0.82,0.84
2025-12-10T07:01:22.692000+00:00,price_change,0.16,BUY,1000,0.82,0.84
2025-12-10T07:03:53.876000+00:00,price_change,0.98,SELL,0,0.82,0.84
2025-12-10T07:03:54.048000+00:00,price_change,0.98,SELL,3006,0.82,0.84
2025-12-10T07:03:54.371000+00:00,price_change,0.37,BUY,40,0.82,0.84
2025-12-10T07:03:54.535000+00:00,price_change,0.37,BUY,3812,0.82,0.84
2025-12-10T07:18:21.680000+00:00,price_change,0.51,BUY,0,0.82,0.84
2025-12-10T07:18:21.731000+00:00,price_change,0.51,BUY,5,0.82,0.84
2025-12-10T07:20:02.695000+00:00,price_change,0.16,BUY,0,0.82,0.84
2025-12-10T07:20:03.081000+00:00,price_change,0.18,BUY,0,0.82,0.84
2025-12-10T07:20:42.449000+00:00,price_change,0.19,BUY,0,0.82,0.84
2025-12-10T07:20:43.330000+00:00,price_change,0.18,BUY,6.22,0.82,0.84
2025-12-10T07:23:04.460000+00:00,price_change,0.82,BUY,293.95,0.82,0.84
2025-12-10T07:23:04.494000+00:00,price_change,0.8,BUY,246.84,0.82,0.84
2025-12-10T07:23:04.695000+00:00,price_change,0.75,BUY,5000,0.82,0.84
2025-12-10T07:23:04.989000+00:00,price_change,0.76,BUY,1327.88,0.82,0.84
2025-12-10T07:24:14.012000+00:00,price_change,0.18,BUY,894.22,0.82,0.84
2025-12-10T07:24:42.245000+00:00,price_change,0.08,BUY,3000,0.82,0.84
2025-12-10T07:24:58.501000+00:00,price_change,0.18,BUY,888,0.82,0.84
2025-12-10T07:24:59.924000+00:00,price_change,0.19,BUY,5.69,0.82,0.84
2025-12-10T07:27:21.153000+00:00,price_change,0.07,BUY,0,0.82,0.84
2025-12-10T07:27:21.524000+00:00,price_change,0.08,BUY,3100,0.82,0.84
2025-12-10T07:27:56.351000+00:00,price_change,0.76,BUY,1307.88,0.82,0.84
2025-12-10T07:27:56.525000+00:00,price_change,0.75,BUY,5020,0.82,0.84
2025-12-10T07:28:28.944000+00:00,price_change,0.16,BUY,1000,0.82,0.84
2025-12-10T07:29:14.535000+00:00,price_change,0.87,SELL,1400.9,0.82,0.84
2025-12-10T07:29:14.634000+00:00,price_change,0.79,BUY,32.89,0.82,0.84
2025-12-10T07:32:34.578000+00:00,price_change,0.75,BUY,5000,0.82,0.84
2025-12-10T07:32:36.324000+00:00,price_change,0.76,BUY,1327.88,0.82,0.84
2025-12-10T07:45:41.034000+00:00,price_change,0.98,SELL,0,0.82,0.84
2025-12-10T07:45:41.213000+00:00,price_change,0.98,SELL,3015,0.82,0.84
2025-12-10T07:45:41.558000+00:00,price_change,0.37,BUY,40,0.82,0.84
2025-12-10T07:45:41.729000+00:00,price_change,0.37,BUY,3777,0.82,0.84
2025-12-10T07:49:32.165000+00:00,price_change,0.51,BUY,0,0.82,0.84
2025-12-10T07:49:32.215000+00:00,price_change,0.51,BUY,5,0.82,0.84
2025-12-10T07:50:02.371000+00:00,price_change,0.16,BUY,0,0.82,0.84
2025-12-10T07:50:02.444000+00:00,price_change,0.08,BUY,100,0.82,0.84
2025-12-10T07:50:02.466000+00:00,price_change,0.18,BUY,0,0.82,0.84
2025-12-10T07:52:47.226000+00:00,price_change,0.16,BUY,1000,0.82,0.84
2025-12-10T07:53:10.012000+00:00,price_change,0.19,BUY,0,0.82,0.84
2025-12-10T07:53:10.736000+00:00,price_change,0.18,BUY,6.22,0.82,0.84
2025-12-10T07:53:25.387000+00:00,price_change,0.08,BUY,0,0.82,0.84
2025-12-10T07:53:25.719000+00:00,price_change,0.07,BUY,200,0.82,0.84
2025-12-10T07:54:13.296000+00:00,price_change,0.18,BUY,894.22,0.82,0.84
2025-12-10T07:54:55.242000+00:00,price_change,0.18,BUY,888,0.82,0.84
2025-12-10T07:54:56.069000+00:00,price_change,0.19,BUY,5.69,0.82,0.84
2025-12-10T07:54:57.024000+00:00,price_change,0.09,BUY,2666,0.82,0.84
2025-12-10T07:57:54.771000+00:00,price_change,0.07,BUY,0,0.82,0.84
2025-12-10T07:57:55.314000+00:00,price_change,0.09,BUY,2766,0.82,0.84
2025-12-10T08:00:50.436000+00:00,price_change,0.8,BUY,260.84,0.82,0.84
2025-12-10T08:00:52.074000+00:00,price_change,0.8,BUY,246.84,0.82,0.84
2025-12-10T08:00:52.826000+00:00,price_change,0.81,BUY,812.41,0.82,0.84
2025-12-10T08:01:31.373000+00:00,price_change,0.79,BUY,22.89,0.82,0.84
2025-12-10T08:01:31.373000+00:00,price_change,0.87,SELL,1390.9,0.82,0.84
2025-12-10T08:03:59.577000+00:00,price_change,0.29,BUY,0,0.82,0.84
2025-12-10T08:10:03.236000+00:00,price_change,0.87,SELL,183.9,0.82,0.84
2025-12-10T08:10:18.595000+00:00,price_change,0.87,SELL,193.9,0.82,0.84
2025-12-10T08:10:18.740000+00:00,price_change,0.79,BUY,32.89,0.82,0.84
2025-12-10T08:11:45.975000+00:00,price_change,0.87,SELL,1400.9,0.82,0.84
2025-12-10T08:13:52.240000+00:00,price_change,0.51,BUY,0,0.82,0.84
2025-12-10T08:13:52.289000+00:00,price_change,0.51,BUY,5,0.82,0.84
2025-12-10T08:19:25.453000+00:00,price_change,0.29,BUY,1034,0.82,0.84
2025-12-10T08:20:02.915000+00:00,price_change,0.09,BUY,100,0.82,0.84
2025-12-10T08:20:02.950000+00:00,price_change,0.16,BUY,0,0.82,0.84
2025-12-10T08:20:03.008000+00:00,price_change,0.18,BUY,0,0.82,0.84
2025-12-10T08:22:09.004000+00:00,price_change,0.29,BUY,0,0.82,0.84
2025-12-10T08:23:28.996000+00:00,price_change,0.09,BUY,0,0.82,0.84
2025-12-10T08:23:29.348000+00:00,price_change,0.07,BUY,200,0.82,0.84
2025-12-10T08:24:11.243000+00:00,price_change,0.18,BUY,888,0.82,0.84
2025-12-10T08:25:17.463000+00:00,price_change,0.1,BUY,2400,0.82,0.84
2025-12-10T08:26:15.709000+00:00,price_change,0.29,BUY,1034,0.82,0.84
2025-12-10T08:28:52.711000+00:00,price_change,0.84,SELL,567.71,0.82,0.84
2025-12-10T08:28:52.711000+00:00,book,0.82,BUY,293.95,0.82,0.84
2025-12-10T08:28:52.711000+00:00,book,0.84,SELL,567.71,0.82,0.84
2025-12-10T08:28:52.737000+00:00,last_trade_price,0.84,BUY,2.38095,,
2025-12-10T08:28:52.764000+00:00,price_change,0.82,BUY,241.89,0.82,0.84
2025-12-10T08:28:52.994000+00:00,price_change,0.81,BUY,798.41,0.82,0.84
2025-12-10T08:28:53.055000+00:00,price_change,0.81,BUY,810.02,0.82,0.84
2025-12-10T08:29:22.771000+00:00,price_change,0.82,BUY,281.5,0.82,0.84
2025-12-10T08:29:22.802000+00:00,price_change,0.81,BUY,835.96,0.82,0.84
2025-12-10T08:29:23.987000+00:00,price_change,0.81,BUY,803.9,0.82,0.84
2025-12-10T08:29:55.314000+00:00,price_change,0.81,BUY,825.9,0.82,0.84
2025-12-10T08:30:00.575000+00:00,price_change,0.98,SELL,0,0.82,0.84
2025-12-10T08:30:00.768000+00:00,price_change,0.98,SELL,3016,0.82,0.84
2025-12-10T08:30:01.125000+00:00,price_change,0.37,BUY,40,0.82,0.84
2025-12-10T08:30:01.452000+00:00,price_change,0.37,BUY,3818,0.82,0.84
2025-12-10T08:31:40.295000+00:00,price_change,0.16,BUY,1000,0.82,0.84
2025-12-10T08:45:22.155000+00:00,price_change,0.51,BUY,0,0.82,0.84
2025-12-10T08:45:22.206000+00:00,price_change,0.51,BUY,5,0.82,0.84
2025-12-10T08:50:02.381000+00:00,price_change,0.18,BUY,0,0.82,0.84
2025-12-10T08:50:02.713000+00:00,price_change,0.1,BUY,0,0.82,0.84
2025-12-10T08:50:02.835000+00:00,price_change,0.16,BUY,0,0.82,0.84
2025-12-10T08:52:27.734000+00:00,price_change,0.19,BUY,0,0.82,0.84
2025-12-10T08:52:28.840000+00:00,price_change,0.18,BUY,6.22,0.82,0.84
2025-12-10T08:52:46.511000+00:00,price_change,0.84,SELL,565.53,0.82,0.84
2025-12-10T08:52:46.511000+00:00,book,0.82,BUY,281.5,0.82,0.84
2025-12-10T08:52:46.511000+00:00,book,0.84,SELL,565.53,0.82,0.84
2025-12-10T08:52:46.538000+00:00,last_trade_price,0.84,BUY,2.178568,,
2025-12-10T08:52:46.788000+00:00,price_change,0.81,BUY,814.29,0.82,0.84
2025-12-10T08:52:57.974000+00:00,price_change,0.81,BUY,823.72,0.82,0.84
2025-12-10T08:53:20.362000+00:00,price_change,0.82,BUY,241.89,0.82,0.84
2025-12-10T08:53:20.430000+00:00,price_change,0.82,BUY,279.32,0.82,0.84
2025-12-10T08:54:04.147000+00:00,price_change,0.18,BUY,894.22,0.82,0.84
2025-12-10T08:55:16.645000+00:00,price_change,0.08,BUY,3000,0.82,0.84
2025-12-10T08:56:27.857000+00:00,price_change,0.18,BUY,888,0.82,0.84
2025-12-10T08:56:28.553000+00:00,price_change,0.19,BUY,5.69,0.82,0.84
2025-12-10T08:58:23.339000+00:00,price_change,0.07,BUY,0,0.82,0.84
2025-12-10T08:58:23.718000+00:00,price_change,0.08,BUY,3100,0.82,0.84
2025-12-10T09:00:04.632000+00:00,price_change,0.16,BUY,1000,0.82,0.84
2025-12-10T09:10:23.604000+00:00,price_change,0.84,SELL,571.78,0.82,0.84
2025-12-10T09:10:28.463000+00:00,price_change,0.81,BUY,801.72,0.82,0.84
2025-12-10T09:12:16.089000+00:00,price_change,0.29,BUY,0,0.82,0.84
2025-12-10T09:13:39.247000+00:00,price_change,0.8,BUY,194.78,0.82,0.84
2025-12-10T09:13:39.247000+00:00,price_change,0.82,BUY,241.89,0.82,0.84
2025-12-10T09:13:39.359000+00:00,price_change,0.81,BUY,792.29,0.82,0.84
2025-12-10T09:13:39.368000+00:00,price_change,0.76,BUY,1307.88,0.82,0.84
2025-12-10T09:13:39.534000+00:00,price_change,0.75,BUY,5020,0.82,0.84
2025-12-10T09:13:39.736000+00:00,price_change,0.8,BUY,204.21,0.82,0.84
2025-12-10T09:13:49.788000+00:00,price_change,0.75,BUY,5000,0.82,0.84
2025-12-10T09:13:50.166000+00:00,price_change,0.74,BUY,20,0.82,0.84
2025-12-10T09:14:15.753000+00:00,price_change,0.74,BUY,0,0.82,0.84
2025-12-10T09:14:15.942000+00:00,price_change,0.71,BUY,20,0.82,0.84
2025-12-10T09:16:15.207000+00:00,price_change,0.98,SELL,0,0.82,0.84
2025-12-10T09:16:15.379000+00:00,price_change,0.98,SELL,3025,0.82,0.84
2025-12-10T09:16:15.688000+00:00,price_change,0.37,BUY,40,0.82,0.84
2025-12-10T09:16:15.865000+00:00,price_change,0.37,BUY,3784,0.82,0.84
2025-12-10T09:17:09.093000+00:00,price_change,0.51,BUY,0,0.82,0.84
2025-12-10T09:17:09.142000+00:00,price_change,0.51,BUY,5,0.82,0.84
2025-12-10T09:18:27.287000+00:00,price_change,0.71,BUY,0,0.82,0.84
2025-12-10T09:18:27.676000+00:00,price_change,0.71,BUY,20,0.82,0.84
2025-12-10T09:19:21.472000+00:00,price_change,0.8,BUY,194.78,0.82,0.84
2025-12-10T09:19:22.201000+00:00,price_change,0.8,BUY,204,0.82,0.84
2025-12-10T09:19:22.460000+00:00,price_change,0.8,BUY,194.78,0.82,0.84
2025-12-10T09:19:22.675000+00:00,price_change,0.79,BUY,22.89,0.82,0.84
2025-12-10T09:19:22.675000+00:00,price_change,0.87,SELL,1390.9,0.82,0.84
2025-12-10T09:19:22.927000+00:00,price_change,0.8,BUY,204,0.82,0.84
2025-12-10T09:19:23.059000+00:00,price_change,0.8,BUY,194.78,0.82,0.84
2025-12-10T09:19:24.296000+00:00,price_change,0.8,BUY,204,0.82,0.84
2025-12-10T09:19:24.987000+00:00,price_change,0.8,BUY,194.78,0.82,0.84
2025-12-10T09:20:02.646000+00:00,price_change,0.18,BUY,0,0.82,0.84
2025-12-10T09:20:02.972000+00:00,price_change,0.16,BUY,0,0.82,0.84
2025-12-10T09:20:03.012000+00:00,price_change,0.08,BUY,100,0.82,0.84
2025-12-10T09:20:15.574000+00:00,price_change,0.8,BUY,204,0.82,0.84
2025-12-10T09:20:15.800000+00:00,price_change,0.8,BUY,194.78,0.82,0.84
2025-12-10T09:20:15.930000+00:00,price_change,0.8,BUY,204,0.82,0.84
2025-12-10T09:20:16.138000+00:00,price_change,0.8,BUY,194.78,0.82,0.84
2025-12-10T09:20:17.080000+00:00,price_change,0.8,BUY,204,0.82,0.84
2025-12-10T09:20:17.512000+00:00,price_change,0.8,BUY,194.78,0.82,0.84
2025-12-10T09:20:17.611000+00:00,price_change,0.8,BUY,204,0.82,0.84
2025-12-10T09:20:17.908000+00:00,price_change,0.8,BUY,194.78,0.82,0.84
2025-12-10T09:20:50.996000+00:00,price_change,0.8,BUY,204,0.82,0.84
2025-12-10T09:20:51.199000+00:00,price_change,0.8,BUY,194.78,0.82,0.84
2025-12-10T09:21:07.802000+00:00,price_change,0.8,BUY,204,0.82,0.84
2025-12-10T09:21:08.027000+00:00,price_change,0.8,BUY,194.78,0.82,0.84
2025-12-10T09:21:11.278000+00:00,price_change,0.8,BUY,204,0.82,0.84
2025-12-10T09:21:11.620000+00:00,price_change,0.8,BUY,194.78,0.82,0.84
2025-12-10T09:21:15.593000+00:00,price_change,0.8,BUY,204,0.82,0.84
2025-12-10T09:21:15.915000+00:00,price_change,0.8,BUY,194.78,0.82,0.84
2025-12-10T09:22:57.742000+00:00,price_change,0.71,BUY,0,0.82,0.84
2025-12-10T09:22:57.958000+00:00,price_change,0.74,BUY,20,0.82,0.84
2025-12-10T09:23:04.792000+00:00,price_change,0.08,BUY,0,0.82,0.84
2025-12-10T09:23:05.126000+00:00,price_change,0.07,BUY,200,0.82,0.84
2025-12-10T09:23:13.246000+00:00,price_change,0.8,BUY,225.51,0.82,0.84
2025-12-10T09:23:16.522000+00:00,price_change,0.19,BUY,0,0.82,0.84
2025-12-10T09:23:17.171000+00:00,price_change,0.18,BUY,6.22,0.82,0.84
2025-12-10T09:24:08.578000+00:00,price_change,0.18,BUY,894.22,0.82,0.84
2025-12-10T09:24:15.754000+00:00,price_change,0.74,BUY,0,0.82,0.84
2025-12-10T09:24:16.179000+00:00,price_change,0.71,BUY,20,0.82,0.84
2025-12-10T09:24:54.446000+00:00,price_change,0.29,BUY,1034,0.82,0.84
2025-12-10T09:26:56.391000+00:00,price_change,0.09,BUY,2666,0.82,0.84
2025-12-10T09:28:15.701000+00:00,price_change,0.71,BUY,0,0.82,0.84
2025-12-10T09:28:15.910000+00:00,price_change,0.71,BUY,20,0.82,0.84
2025-12-10T09:29:18.532000+00:00,price_change,0.07,BUY,0,0.82,0.84
2025-12-10T09:29:18.914000+00:00,price_change,0.09,BUY,2766,0.82,0.84
2025-12-10T14:27:23.009000+00:00,book,0.82,BUY,232.61,0.82,0.84
2025-12-10T14:27:23.009000+00:00,book,0.84,SELL,571.78,0.82,0.84
2025-12-10T14:27:50.175000+00:00,price_change,0.71,BUY,0,0.82,0.84
2025-12-10T14:27:50.364000+00:00,price_change,0.71,BUY,20,0.82,0.84
2025-12-10T14:31:55.184000+00:00,price_change,0.16,BUY,1000,0.82,0.84
2025-12-10T14:32:15.663000+00:00,price_change,0.71,BUY,0,0.82,0.84
2025-12-10T14:32:15.742000+00:00,price_change,0.71,BUY,20,0.82,0.84
2025-12-10T14:36:27.830000+00:00,price_change,0.71,BUY,0,0.82,0.84
2025-12-10T14:36:27.972000+00:00,price_change,0.71,BUY,20,0.82,0.84
2025-12-10T14:38:08.982000+00:00,price_change,0.51,BUY,0,0.82,0.84
2025-12-10T14:38:09.031000+00:00,price_change,0.51,BUY,5,0.82,0.84
2025-12-10T14:40:13.510000+00:00,price_change,0.71,BUY,0,0.82,0.84
2025-12-10T14:40:14.289000+00:00,price_change,0.71,BUY,20,0.82,0.84
2025-12-10T14:40:17+00:00,price_change,0.87,SELL,193.9,0.82,0.84
2025-12-10T14:40:17.110000+00:00,price_change,0.79,BUY,83.34,0.82,0.84
2025-12-10T14:44:35.134000+00:00,price_change,0.71,BUY,0,0.82,0.84
2025-12-10T14:44:35.267000+00:00,price_change,0.71,BUY,20,0.82,0.84
2025-12-10T14:47:58.526000+00:00,price_change,0.78,BUY,30,0.82,0.84
2025-12-10T14:47:58.526000+00:00,price_change,0.8,BUY,36.84,0.82,0.84
2025-12-10T14:47:58.526000+00:00,price_change,0.79,BUY,50,0.82,0.84
2025-12-10T14:48:00.825000+00:00,price_change,0.79,BUY,30,0.82,0.84
2025-12-10T14:48:00.851000+00:00,price_change,0.79,BUY,60,0.82,0.84
2025-12-10T14:48:00.952000+00:00,price_change,0.79,BUY,40,0.82,0.84
2025-12-10T14:48:01.008000+00:00,price_change,0.79,BUY,60,0.82,0.84
2025-12-10T14:48:01.102000+00:00,price_change,0.8,BUY,56.84,0.82,0.84
2025-12-10T14:48:01.622000+00:00,price_change,0.8,BUY,36.84,0.82,0.84
2025-12-10T14:48:01.703000+00:00,price_change,0.79,BUY,80,0.82,0.84
2025-12-10T14:49:13.311000+00:00,price_change,0.71,BUY,0,0.82,0.84
2025-12-10T14:49:13.436000+00:00,price_change,0.71,BUY,20,0.82,0.84
2025-12-10T14:49:42.246000+00:00,price_change,0.79,BUY,50,0.82,0.84
2025-12-10T14:50:02.114000+00:00,price_change,0.16,BUY,0,0.82,0.84
2025-12-10T14:50:02.219000+00:00,price_change,0.08,BUY,100,0.82,0.84
2025-12-10T14:50:02.462000+00:00,price_change,0.18,BUY,0,0.82,0.84
2025-12-10T14:50:11.345000+00:00,price_change,0.71,BUY,0,0.82,0.84
2025-12-10T14:50:11.510000+00:00,price_change,0.73,BUY,176.51,0.82,0.84
2025-12-10T14:50:11.511000+00:00,price_change,0.69,BUY,10,0.82,0.84
2025-12-10T14:50:25.844000+00:00,price_change,0.17,BUY,6000,0.82,0.84
2025-12-10T14:50:25.844000+00:00,price_change,0.01,BUY,1210262.8,0.82,0.84
2025-12-10T14:50:25.844000+00:00,price_change,0.37,BUY,3750,0.82,0.84
2025-12-10T14:50:25.844000+00:00,price_change,0.05,BUY,50410,0.82,0.84
2025-12-10T14:50:25.844000+00:00,price_change,0.03,BUY,300005.94,0.82,0.84
2025-12-10T14:50:25.844000+00:00,price_change,0.08,BUY,0,0.82,0.84
2025-12-10T14:50:29.320000+00:00,price_change,0.37,BUY,3850,0.82,0.84
2025-12-10T14:50:29.431000+00:00,price_change,0.08,BUY,200,0.82,0.84
2025-12-10T14:50:29.581000+00:00,price_change,0.01,BUY,1211262.8,0.82,0.84
2025-12-10T14:50:29.791000+00:00,price_change,0.03,BUY,300605.94,0.82,0.84
2025-12-10T14:50:29.879000+00:00,price_change,0.17,BUY,6100,0.82,0.84
2025-12-10T14:50:29.913000+00:00,price_change,0.05,BUY,50810,0.82,0.84
2025-12-10T14:50:42.045000+00:00,price_change,0.73,BUY,166.51,0.82,0.84
2025-12-10T14:51:25.439000+00:00,price_change,0.09,BUY,2666,0.82,0.84
2025-12-10T14:53:54.983000+00:00,price_change,0.08,BUY,0,0.82,0.84
2025-12-10T14:53:57.973000+00:00,price_change,0.07,BUY,400,0.82,0.84
2025-12-10T14:54:03.218000+00:00,price_change,0.18,BUY,888,0.82,0.84
2025-12-10T14:54:05.834000+00:00,price_change,0.69,BUY,0,0.82,0.84
2025-12-10T14:54:05.929000+00:00,price_change,0.71,BUY,20,0.82,0.84
2025-12-10T14:55:50.885000+00:00,price_change,0.19,BUY,0,0.82,0.84
2025-12-10T14:55:55.523000+00:00,price_change,0.18,BUY,894.22,0.82,0.84
2025-12-10T14:57:18.294000+00:00,price_change,0.07,BUY,0,0.82,0.84
2025-12-10T14:57:19.414000+00:00,price_change,0.09,BUY,2866,0.82,0.84
2025-12-10T14:59:05.293000+00:00,price_change,0.78,BUY,0,0.82,0.84
2025-12-10T14:59:05.293000+00:00,price_change,0.86,SELL,1035,0.82,0.84
2025-12-10T14:59:05.537000+00:00,price_change,0.79,BUY,30,0.82,0.84
2025-12-10T14:59:05.583000+00:00,price_change,0.79,BUY,10,0.82,0.84
2025-12-10T14:59:05.733000+00:00,price_change,0.78,BUY,20,0.82,0.84
2025-12-10T14:59:05.774000+00:00,price_change,0.78,BUY,40,0.82,0.84
2025-12-10T14:59:11.682000+00:00,price_change,0.78,BUY,65,0.82,0.84
2025-12-10T14:59:11.685000+00:00,price_change,0.86,SELL,1067,0.82,0.84
2025-12-10T15:01:53.825000+00:00,price_change,0.16,BUY,1000,0.82,0.84
2025-12-10T15:02:16.538000+00:00,price_change,0.71,BUY,0,0.82,0.84
2025-12-10T15:02:16.614000+00:00,price_change,0.71,BUY,20,0.82,0.84
2025-12-10T15:02:47.998000+00:00,price_change,0.18,BUY,888,0.82,0.84
2025-12-10T15:02:50.666000+00:00,price_change,0.19,BUY,5.69,0.82,0.84
2025-12-10T15:05:12.141000+00:00,price_change,0.98,SELL,0,0.82,0.84
2025-12-10T15:05:12.306000+00:00,price_change,0.98,SELL,3015,0.82,0.84
2025-12-10T15:05:12.644000+00:00,price_change,0.37,BUY,100,0.82,0.84
2025-12-10T15:05:12.818000+00:00,price_change,0.37,BUY,3849,0.82,0.84
2025-12-10T15:10:35.665000+00:00,price_change,0.51,BUY,0,0.82,0.84
2025-12-10T15:10:35.711000+00:00,price_change,0.51,BUY,5,0.82,0.84
2025-12-10T15:16:00.921000+00:00,price_change,0.8,BUY,52.84,0.82,0.84
2025-12-10T15:16:00.964000+00:00,price_change,0.79,BUY,60.66,0.82,0.84
2025-12-10T15:16:01.018000+00:00,price_change,0.78,BUY,200.74,0.82,0.84
2025-12-10T15:17:52.025000+00:00,price_change,0.78,BUY,65,0.82,0.84
2025-12-10T15:17:52.025000+00:00,price_change,0.79,BUY,10,0.82,0.84
2025-12-10T15:17:52.165000+00:00,price_change,0.81,BUY,793.01,0.82,0.84
2025-12-10T15:17:52.197000+00:00,price_change,0.8,BUY,179.69,0.82,0.84
2025-12-10T15:17:52.229000+00:00,price_change,0.79,BUY,32.88,0.82,0.84
2025-12-10T15:17:52.305000+00:00,price_change,0.71,BUY,0,0.82,0.84
2025-12-10T15:17:52.485000+00:00,price_change,0.71,BUY,20,0.82,0.84
2025-12-10T15:19:27.680000+00:00,price_change,0.78,BUY,45,0.82,0.84
2025-12-10T15:19:27.888000+00:00,price_change,0.81,BUY,813.01,0.82,0.84
2025-12-10T15:19:28.277000+00:00,price_change,0.78,BUY,25,0.82,0.84
2025-12-10T15:19:28.538000+00:00,price_change,0.81,BUY,833.01,0.82,0.84
2025-12-10T15:20:02.249000+00:00,price_change,0.18,BUY,0,0.82,0.84
2025-12-10T15:20:02.852000+00:00,price_change,0.16,BUY,0,0.82,0.84
2025-12-10T15:20:02.921000+00:00,price_change,0.09,BUY,200,0.82,0.84
2025-12-10T15:22:08.688000+00:00,price_change,0.71,BUY,0,0.82,0.84
2025-12-10T15:22:08.804000+00:00,price_change,0.71,BUY,20,0.82,0.84
2025-12-10T15:22:21.695000+00:00,price_change,0.1,BUY,2400,0.82,0.84
2025-12-10T15:22:49.428000+00:00,price_change,0.19,BUY,0,0.82,0.84
2025-12-10T15:22:51.315000+00:00,price_change,0.18,BUY,6.22,0.82,0.84
2025-12-10T15:24:11.644000+00:00,price_change,0.18,BUY,894.22,0.82,0.84
2025-12-10T15:25:52.756000+00:00,price_change,0.09,BUY,0,0.82,0.84
2025-12-10T15:25:53.291000+00:00,price_change,0.07,BUY,400,0.82,0.84
2025-12-10T15:26:40.190000+00:00,price_change,0.16,BUY,1000,0.82,0.84
2025-12-10T15:27:16.359000+00:00,price_change,0.71,BUY,0,0.82,0.84
2025-12-10T15:27:16.853000+00:00,price_change,0.71,BUY,20,0.82,0.84
2025-12-10T15:28:24.109000+00:00,price_change,0.18,BUY,888,0.82,0.84
2025-12-10T15:28:25.834000+00:00,price_change,0.19,BUY,5.69,0.82,0.84
2025-12-10T15:31:15.689000+00:00,price_change,0.71,BUY,0,0.82,0.84
2025-12-10T15:31:15.889000+00:00,price_change,0.71,BUY,20,0.82,0.84
2025-12-10T15:35:35.661000+00:00,price_change,0.71,BUY,0,0.82,0.84
2025-12-10T15:35:35.812000+00:00,price_change,0.71,BUY,20,0.82,0.84
2025-12-10T15:39:48.630000+00:00,price_change,0.71,BUY,0,0.82,0.84
2025-12-10T15:39:48.894000+00:00,price_change,0.71,BUY,20,0.82,0.84
2025-12-10T15:41:22.817000+00:00,price_change,0.79,BUY,10,0.82,0.84
2025-12-10T15:41:22.817000+00:00,price_change,0.8,BUY,52.84,0.82,0.84
2025-12-10T15:41:22.953000+00:00,price_change,0.81,BUY,813.01,0.82,0.84
2025-12-10T15:41:22.967000+00:00,price_change,0.82,BUY,299.27,0.82,0.84
2025-12-10T15:41:23+00:00,price_change,0.81,BUY,889.2,0.82,0.84
2025-12-10T15:41:23.038000+00:00,price_change,0.82,BUY,319.27,0.82,0.84
2025-12-10T15:41:24.338000+00:00,price_change,0.81,BUY,869.2,0.82,0.84
2025-12-10T15:41:24.813000+00:00,price_change,0.82,BUY,339.27,0.82,0.84
2025-12-10T15:42:27.428000+00:00,price_change,0.29,BUY,0,0.82,0.84
2025-12-10T15:42:51.998000+00:00,price_change,0.51,BUY,0,0.82,0.84
2025-12-10T15:42:52.055000+00:00,price_change,0.51,BUY,5,0.82,0.84
2025-12-10T15:43:57.245000+00:00,price_change,0.71,BUY,0,0.82,0.84
2025-12-10T15:43:57.369000+00:00,price_change,0.74,BUY,20,0.82,0.84
2025-12-10T15:45:10.623000+00:00,price_change,0.29,BUY,1034,0.82,0.84
2025-12-10T15:46:11.868000+00:00,price_change,0.98,SELL,0,0.82,0.84
2025-12-10T15:46:12.035000+00:00,price_change,0.98,SELL,3027,0.82,0.84
2025-12-10T15:46:12.334000+00:00,price_change,0.37,BUY,100,0.82,0.84
2025-12-10T15:46:12.489000+00:00,price_change,0.37,BUY,3829,0.82,0.84
2025-12-10T15:50:02.515000+00:00,price_change,0.18,BUY,0,0.82,0.84
2025-12-10T15:50:02.686000+00:00,price_change,0.16,BUY,0,0.82,0.84
2025-12-10T15:50:02.696000+00:00,price_change,0.1,BUY,0,0.82,0.84
2025-12-10T15:51:15.375000+00:00,price_change,0.74,BUY,0,0.82,0.84
2025-12-10T15:51:15.544000+00:00,price_change,0.75,BUY,5020,0.82,0.84
2025-12-10T15:53:57.283000+00:00,price_change,0.08,BUY,3000,0.82,0.84
2025-12-10T15:54:12.438000+00:00,price_change,0.18,BUY,888,0.82,0.84
2025-12-10T15:55:50.229000+00:00,price_change,0.75,BUY,5000,0.82,0.84
2025-12-10T15:55:51.364000+00:00,price_change,0.76,BUY,1327.88,0.82,0.84
2025-12-10T15:57:52.458000+00:00,price_change,0.07,BUY,0,0.82,0.84
2025-12-10T15:57:53.104000+00:00,price_change,0.08,BUY,3200,0.82,0.84
2025-12-10T15:58:45.430000+00:00,price_change,0.16,BUY,1000,0.82,0.84
2025-12-10T16:00:04.845000+00:00,price_change,0.81,BUY,878.63,0.82,0.84
2025-12-10T16:00:50.317000+00:00,price_change,0.79,BUY,0,0.82,0.84
2025-12-10T16:00:50.317000+00:00,price_change,0.87,SELL,183.9,0.82,0.84
2025-12-10T16:07:44.688000+00:00,price_change,0.86,SELL,1035,0.82,0.84
2025-12-10T16:07:44.688000+00:00,price_change,0.78,BUY,0,0.82,0.84
2025-12-10T16:07:51.604000+00:00,price_change,0.86,SELL,1067,0.82,0.84
2025-12-10T16:14:57.756000+00:00,price_change,0.51,BUY,0,0.82,0.84
2025-12-10T16:14:57.814000+00:00,price_change,0.51,BUY,5,0.82,0.84
2025-12-10T16:16:02.160000+00:00,price_change,0.29,BUY,0,0.82,0.84
2025-12-10T16:18:44.493000+00:00,price_change,0.29,BUY,1034,0.82,0.84
2025-12-10T16:20:02.839000+00:00,price_change,0.08,BUY,200,0.82,0.84
2025-12-10T16:20:02.874000+00:00,price_change,0.16,BUY,0,0.82,0.84
2025-12-10T16:20:03.028000+00:00,price_change,0.18,BUY,0,0.82,0.84
2025-12-10T16:24:06.383000+00:00,price_change,0.18,BUY,888,0.82,0.84
2025-12-10T16:24:12.649000+00:00,price_change,0.08,BUY,0,0.82,0.84
2025-12-10T16:25:34.921000+00:00,price_change,0.16,BUY,1000,0.82,0.84
2025-12-10T16:27:10.026000+00:00,price_change,0.98,SELL,0,0.82,0.84
2025-12-10T16:27:10.187000+00:00,price_change,0.98,SELL,3038,0.82,0.84
2025-12-10T16:27:10.529000+00:00,price_change,0.37,BUY,100,0.82,0.84
2025-12-10T16:27:10.682000+00:00,price_change,0.37,BUY,3858,0.82,0.84
2025-12-10T16:27:13.386000+00:00,price_change,0.07,BUY,400,0.82,0.84
2025-12-10T16:28:55.665000+00:00,price_change,0.09,BUY,2666,0.82,0.84
2025-12-10T16:29:06.303000+00:00,price_change,0.82,BUY,393.27,0.82,0.84
2025-12-10T16:33:50.850000+00:00,price_change,0.07,BUY,0,0.82,0.84
2025-12-10T16:33:51.294000+00:00,price_change,0.09,BUY,2866,0.82,0.84
2025-12-10T16:47:03.492000+00:00,price_change,0.51,BUY,0,0.82,0.84
2025-12-10T16:47:03.542000+00:00,price_change,0.51,BUY,5,0.82,0.84
2025-12-10T16:48:33.719000+00:00,price_change,0.37,BUY,3758,0.82,0.84
2025-12-10T16:48:33.719000+00:00,price_change,0.01,BUY,1210262.8,0.82,0.84
2025-12-10T16:48:33.719000+00:00,price_change,0.03,BUY,300005.94,0.82,0.84
2025-12-10T16:48:33.743000+00:00,price_change,0.17,BUY,6000,0.82,0.84
2025-12-10T16:48:33.743000+00:00,price_change,0.05,BUY,50410,0.82,0.84
2025-12-10T16:48:33.743000+00:00,price_change,0.09,BUY,2666,0.82,0.84
2025-12-10T16:48:36.724000+00:00,price_change,0.09,BUY,2766,0.82,0.84
2025-12-10T16:48:36.837000+00:00,price_change,0.17,BUY,6040,0.82,0.84
2025-12-10T16:48:37.018000+00:00,price_change,0.37,BUY,3798,0.82,0.84
2025-12-10T16:48:37.120000+00:00,price_change,0.01,BUY,1210762.8,0.82,0.84
2025-12-10T16:48:37.240000+00:00,price_change,0.03,BUY,300305.94,0.82,0.84
2025-12-10T16:48:37.303000+00:00,price_change,0.05,BUY,50610,0.82,0.84
2025-12-10T16:50:02.162000+00:00,price_change,0.09,BUY,100,0.82,0.84
2025-12-10T16:50:02.230000+00:00,price_change,0.16,BUY,0,0.82,0.84
2025-12-10T16:50:02.322000+00:00,price_change,0.18,BUY,0,0.82,0.84
2025-12-10T16:54:02.254000+00:00,price_change,0.18,BUY,888,0.82,0.84
2025-12-10T16:56:55.322000+00:00,price_change,0.1,BUY,2400,0.82,0.84
2025-12-10T16:57:07.160000+00:00,price_change,0.09,BUY,0,0.82,0.84
2025-12-10T16:57:08.626000+00:00,price_change,0.07,BUY,200,0.82,0.84
2025-12-10T17:00:29.698000+00:00,price_change,0.16,BUY,1000,0.82,0.84
2025-12-10T17:07:28.300000+00:00,price_change,0.86,SELL,1035,0.82,0.84
2025-12-10T17:07:33.547000+00:00,price_change,0.98,SELL,0,0.82,0.84
2025-12-10T17:07:33.704000+00:00,price_change,0.98,SELL,3040,0.82,0.84
2025-12-10T17:07:34.142000+00:00,price_change,0.37,BUY,40,0.82,0.84
2025-12-10T17:07:34.311000+00:00,price_change,0.37,BUY,3797,0.82,0.84
2025-12-10T17:09:06.147000+00:00,price_change,0.86,SELL,1067,0.82,0.84
2025-12-10T17:12:12.961000+00:00,price_change,0.81,BUY,869.2,0.82,0.84
2025-12-10T17:14:12.698000+00:00,price_change,0.81,BUY,821.2,0.82,0.84
2025-12-10T17:14:13.038000+00:00,price_change,0.81,BUY,869.2,0.82,0.84
2025-12-10T17:20:02.530000+00:00,price_change,0.16,BUY,0,0.82,0.84
2025-12-10T17:20:02.575000+00:00,price_change,0.1,BUY,0,0.82,0.84
2025-12-10T17:20:02.902000+00:00,price_change,0.18,BUY,0,0.82,0.84
2025-12-10T17:20:25.544000+00:00,price_change,0.51,BUY,0,0.82,0.84
2025-12-10T17:20:25.589000+00:00,price_change,0.51,BUY,5,0.82,0.84
2025-12-10T17:21:13.736000+00:00,price_change,0.82,BUY,326.61,0.82,0.84
2025-12-10T17:21:13.814000+00:00,price_change,0.81,BUY,926.43,0.82,0.84
2025-12-10T17:21:13.831000+00:00,price_change,0.82,BUY,306.61,0.82,0.84
2025-12-10T17:21:13.940000+00:00,price_change,0.78,BUY,20,0.82,0.84
2025-12-10T17:21:14.086000+00:00,price_change,0.82,BUY,286.61,0.82,0.84
2025-12-10T17:21:14.516000+00:00,price_change,0.81,BUY,946.43,0.82,0.84
2025-12-10T17:23:24.842000+00:00,price_change,0.81,BUY,870.24,0.82,0.84
2025-12-10T17:23:25.053000+00:00,price_change,0.82,BUY,324.04,0.82,0.84
2025-12-10T17:23:25.088000+00:00,price_change,0.81,BUY,918.43,0.82,0.84
2025-12-10T17:24:03.131000+00:00,price_change,0.16,BUY,1000,0.82,0.84
2025-12-10T17:24:06.228000+00:00,price_change,0.18,BUY,888,0.82,0.84
2025-12-10T17:28:22.186000+00:00,price_change,0.08,BUY,3000,0.82,0.84
2025-12-10T17:28:51.549000+00:00,price_change,0.86,SELL,1035,0.82,0.84
2025-12-10T17:28:53.695000+00:00,price_change,0.86,SELL,1067,0.82,0.84
2025-12-10T17:28:54.873000+00:00,price_change,0.86,SELL,1035,0.82,0.84
2025-12-10T17:28:56.792000+00:00,price_change,0.86,SELL,1067,0.82,0.84
2025-12-10T17:28:58.041000+00:00,price_change,0.86,SELL,1035,0.82,0.84
2025-12-10T17:29:01.146000+00:00,price_change,0.86,SELL,1067,0.82,0.84
2025-12-10T17:29:01.763000+00:00,price_change,0.86,SELL,1035,0.82,0.84
2025-12-10T18:08:05.150000+00:00,book,0.82,BUY,324.04,0.82,0.84
2025-12-10T18:08:05.150000+00:00,book,0.84,SELL,571.78,0.82,0.84
2025-12-10T18:09:44.922000+00:00,price_change,0.86,SELL,1035,0.82,0.84
2025-12-10T18:09:47.425000+00:00,price_change,0.86,SELL,1067,0.82,0.84
2025-12-10T18:11:55.485000+00:00,price_change,0.51,BUY,0,0.82,0.84
2025-12-10T18:11:55.544000+00:00,price_change,0.51,BUY,5,0.82,0.84
2025-12-10T18:16:02.758000+00:00,price_change,0.29,BUY,0,0.82,0.84
2025-12-10T18:16:35.240000+00:00,price_change,0.76,BUY,1307.88,0.82,0.84
2025-12-10T18:19:24.166000+00:00,price_change,0.29,BUY,1034,0.82,0.84
2025-12-10T18:20:02.763000+00:00,price_change,0.09,BUY,100,0.82,0.84
2025-12-10T18:20:02.804000+00:00,price_change,0.16,BUY,0,0.82,0.84
2025-12-10T18:20:03.046000+00:00,price_change,0.18,BUY,0,0.82,0.84
2025-12-10T18:21:07.136000+00:00,price_change,0.86,SELL,1035,0.82,0.84
2025-12-10T18:21:09.264000+00:00,price_change,0.86,SELL,1067,0.82,0.84
2025-12-10T18:21:09.389000+00:00,price_change,0.86,SELL,1035,0.82,0.84
2025-12-10T18:21:12.921000+00:00,price_change,0.81,BUY,766.35,0.82,0.84
2025-12-10T18:21:12.921000+00:00,price_change,0.8,BUY,36.84,0.82,0.84
2025-12-10T18:21:12.921000+00:00,price_change,0.82,BUY,286.61,0.82,0.84
2025-12-10T18:21:13.089000+00:00,price_change,0.81,BUY,746.35,0.82,0.84
2025-12-10T18:21:13.200000+00:00,price_change,0.82,BUY,306.61,0.82,0.84
2025-12-10T18:21:14.492000+00:00,price_change,0.81,BUY,726.35,0.82,0.84
2025-12-10T18:21:14.510000+00:00,price_change,0.82,BUY,344.04,0.82,0.84
2025-12-10T18:21:14.545000+00:00,price_change,0.81,BUY,898.43,0.82,0.84
2025-12-10T18:21:14.577000+00:00,price_change,0.8,BUY,59.72,0.82,0.84
2025-12-10T18:21:14.608000+00:00,price_change,0.82,BUY,364.04,0.82,0.84
2025-12-10T18:21:14.781000+00:00,price_change,0.82,BUY,344.04,0.82,0.84
2025-12-10T18:21:14.849000+00:00,price_change,0.81,BUY,918.43,0.82,0.84
2025-12-10T18:21:15.187000+00:00,price_change,0.86,SELL,1067,0.82,0.84
2025-12-10T18:21:15.328000+00:00,price_change,0.82,BUY,324.04,0.82,0.84
2025-12-10T20:59:20.587000+00:00,book,0.82,BUY,232.61,0.82,0.84
2025-12-10T20:59:20.587000+00:00,book,0.84,SELL,571.78,0.82,0.84
2025-12-10T21:06:27.178000+00:00,price_change,0.52,BUY,0,0.82,0.84
2025-12-10T21:06:27.250000+00:00,price_change,0.68,BUY,721,0.82,0.84
2025-12-10T21:06:35.984000+00:00,price_change,0.74,BUY,0,0.82,0.84
2025-12-10T21:06:36.174000+00:00,price_change,0.74,BUY,20,0.82,0.84
2025-12-10T21:11:15.185000+00:00,price_change,0.74,BUY,0,0.82,0.84
2025-12-10T21:11:15.632000+00:00,price_change,0.74,BUY,20,0.82,0.84
2025-12-10T21:14:34.598000+00:00,price_change,0.29,BUY,0,0.82,0.84
2025-12-10T21:15:16.777000+00:00,price_change,0.74,BUY,0,0.82,0.84
2025-12-10T21:15:17.007000+00:00,price_change,0.74,BUY,20,0.82,0.84
2025-12-10T21:16:47.495000+00:00,price_change,0.29,BUY,1034,0.82,0.84
2025-12-10T21:20:02.754000+00:00,price_change,0.08,BUY,100,0.82,0.84
2025-12-10T21:20:04.668000+00:00,price_change,0.74,BUY,0,0.82,0.84
2025-12-10T21:20:04.882000+00:00,price_change,0.74,BUY,20,0.82,0.84
2025-12-10T21:23:30.259000+00:00,price_change,0.08,BUY,0,0.82,0.84
2025-12-10T21:23:30.813000+00:00,price_change,0.07,BUY,200,0.82,0.84
2025-12-10T21:24:17.193000+00:00,price_change,0.74,BUY,0,0.82,0.84
2025-12-10T21:24:17.523000+00:00,price_change,0.74,BUY,20,0.82,0.84
2025-12-10T21:24:37.281000+00:00,price_change,0.51,BUY,0,0.82,0.84
2025-12-10T21:24:37.327000+00:00,price_change,0.51,BUY,5,0.82,0.84
2025-12-10T21:28:04.606000+00:00,price_change,0.09,BUY,2666,0.82,0.84
2025-12-10T21:28:17.223000+00:00,price_change,0.74,BUY,0,0.82,0.84
2025-12-10T21:28:17.322000+00:00,price_change,0.74,BUY,20,0.82,0.84
2025-12-10T21:28:43.057000+00:00,price_change,0.98,SELL,0,0.82,0.84
2025-12-10T21:28:43.241000+00:00,price_change,0.98,SELL,3014,0.82,0.84
2025-12-10T21:28:43.613000+00:00,price_change,0.37,BUY,40,0.82,0.84
2025-12-10T21:28:43.773000+00:00,price_change,0.37,BUY,3789,0.82,0.84
2025-12-10T21:32:16.253000+00:00,price_change,0.74,BUY,0,0.82,0.84
2025-12-10T21:32:16.686000+00:00,price_change,0.74,BUY,20,0.82,0.84
2025-12-10T21:32:52.609000+00:00,price_change,0.07,BUY,0,0.82,0.84
2025-12-10T21:32:52.930000+00:00,price_change,0.09,BUY,2766,0.82,0.84
2025-12-10T21:34:27.233000+00:00,price_change,0.29,BUY,0,0.82,0.84
2025-12-10T21:36:07.449000+00:00,price_change,0.29,BUY,1034,0.82,0.84
2025-12-10T21:36:25.446000+00:00,price_change,0.74,BUY,0,0.82,0.84
2025-12-10T21:36:25.559000+00:00,price_change,0.74,BUY,20,0.82,0.84
2025-12-10T21:40:34.571000+00:00,price_change,0.74,BUY,0,0.82,0.84
2025-12-10T21:40:34.852000+00:00,price_change,0.74,BUY,20,0.82,0.84
2025-12-10T21:44:53.945000+00:00,price_change,0.74,BUY,0,0.82,0.84
2025-12-10T21:44:53.988000+00:00,price_change,0.74,BUY,20,0.82,0.84
2025-12-10T21:44:56.047000+00:00,price_change,0.81,BUY,726.35,0.82,0.84
2025-12-10T21:44:56.047000+00:00,price_change,0.79,BUY,10,0.82,0.84
2025-12-10T21:44:56.208000+00:00,price_change,0.8,BUY,217.32,0.82,0.84
2025-12-10T21:44:56.432000+00:00,price_change,0.8,BUY,197.32,0.82,0.84
2025-12-10T21:44:56.464000+00:00,price_change,0.78,BUY,20,0.82,0.84
2025-12-10T21:44:56.534000+00:00,price_change,0.78,BUY,40,0.82,0.84
2025-12-10T21:44:56.546000+00:00,price_change,0.81,BUY,763.78,0.82,0.84
2025-12-10T21:44:56.582000+00:00,price_change,0.79,BUY,120.09,0.82,0.84
2025-12-10T21:48:19.528000+00:00,price_change,0.86,SELL,1035,0.82,0.84
2025-12-10T21:48:19.529000+00:00,price_change,0.86,SELL,1071,0.82,0.84
2025-12-10T21:49:54.043000+00:00,price_change,0.74,BUY,0,0.82,0.84
2025-12-10T21:49:54.101000+00:00,price_change,0.74,BUY,20,0.82,0.84
2025-12-10T21:50:02.495000+00:00,price_change,0.09,BUY,100,0.82,0.84
2025-12-10T21:54:15.818000+00:00,price_change,0.74,BUY,0,0.82,0.84
2025-12-10T21:54:15.995000+00:00,price_change,0.74,BUY,20,0.82,0.84
2025-12-10T21:54:19.694000+00:00,price_change,0.8,BUY,36.84,0.82,0.84
2025-12-10T21:54:19.694000+00:00,price_change,0.79,BUY,10,0.82,0.84
2025-12-10T21:54:19.694000+00:00,price_change,0.81,BUY,726.35,0.82,0.84
2025-12-10T21:54:22.605000+00:00,price_change,0.87,SELL,183.9,0.82,0.84
2025-12-10T21:54:22.606000+00:00,price_change,0.79,BUY,0,0.82,0.84
2025-12-10T21:54:47.004000+00:00,price_change,0.09,BUY,0,0.82,0.84
2025-12-10T21:54:47.731000+00:00,price_change,0.07,BUY,200,0.82,0.84
2025-12-10T21:55:07.005000+00:00,price_change,0.81,BUY,763.78,0.82,0.84
2025-12-10T21:55:20.743000+00:00,price_change,0.86,SELL,1035,0.82,0.84
2025-12-10T21:55:23.684000+00:00,price_change,0.86,SELL,1071,0.82,0.84
2025-12-10T21:55:23.844000+00:00,price_change,0.86,SELL,1035,0.82,0.84
2025-12-10T21:55:26.440000+00:00,price_change,0.81,BUY,726.35,0.82,0.84
2025-12-10T21:55:30.510000+00:00,price_change,0.86,SELL,1071,0.82,0.84
2025-12-10T23:40:43.562000+00:00,book,0.82,BUY,232.61,0.82,0.84
