timestamp,event_type,price,side,size,best_bid,best_ask
2025-12-08T03:13:25.463000+00:00,book,0.41,BUY,223.25,0.41,0.43
2025-12-08T03:13:25.463000+00:00,book,0.43,SELL,9.34,0.41,0.43
2025-12-08T03:14:13.029000+00:00,price_change,0.44,SELL,1873.49,0.41,0.43
2025-12-08T03:14:20.235000+00:00,price_change,0.85,SELL,1998,0.41,0.43
2025-12-08T03:14:22.948000+00:00,price_change,0.84,SELL,6.97,0.41,0.43
2025-12-08T03:14:33.001000+00:00,price_change,0.44,SELL,1800.29,0.41,0.43
2025-12-08T03:14:37.495000+00:00,price_change,0.7,SELL,0,0.41,0.43
2025-12-08T03:27:43.023000+00:00,book,0.41,BUY,223.25,0.41,0.43
2025-12-08T03:27:43.023000+00:00,book,0.43,SELL,9.34,0.41,0.43
2025-12-08T03:28:03.004000+00:00,price_change,0.44,SELL,1800.29,0.41,0.43
2025-12-08T03:28:03.175000+00:00,price_change,0.51,SELL,0,0.41,0.43
2025-12-08T03:28:03.301000+00:00,price_change,0.48,SELL,20,0.41,0.43
2025-12-08T03:28:09.955000+00:00,price_change,0.1,BUY,3000,0.41,0.43
2025-12-08T03:28:32.688000+00:00,price_change,0.37,BUY,5.1,0.41,0.43
2025-12-08T03:28:32.693000+00:00,price_change,0.37,BUY,271.1,0.41,0.43
2025-12-08T03:28:32.934000+00:00,price_change,0.37,BUY,5.1,0.41,0.43
2025-12-08T03:28:32.935000+00:00,price_change,0.37,BUY,174.1,0.41,0.43
2025-12-08T03:28:59.472000+00:00,price_change,0.85,SELL,0,0.41,0.43
2025-12-08T03:28:59.472000+00:00,price_change,0.14,BUY,0,0.41,0.43
2025-12-08T03:28:59.807000+00:00,price_change,0.86,SELL,6583,0.41,0.43
2025-12-08T03:29:13.022000+00:00,price_change,0.44,SELL,1873.49,0.41,0.43
2025-12-08T03:29:26.627000+00:00,price_change,0.84,SELL,6.97,0.41,0.43
2025-12-08T03:29:26.639000+00:00,price_change,0.1,BUY,0,0.41,0.43
2025-12-08T03:32:35.146000+00:00,book,0.41,BUY,223.25,0.41,0.43
2025-12-08T03:32:35.146000+00:00,book,0.43,SELL,9.34,0.41,0.43
2025-12-08T03:33:25.816000+00:00,price_change,0.84,SELL,0,0.41,0.43
2025-12-08T03:33:25.824000+00:00,price_change,0.1,BUY,0,0.41,0.43
2025-12-08T03:33:26.185000+00:00,price_change,0.11,BUY,2766,0.41,0.43
2025-12-08T03:33:26.205000+00:00,price_change,0.85,SELL,40,0.41,0.43
2025-12-08T03:34:32.965000+00:00,book,0.41,BUY,223.25,0.41,0.43
2025-12-08T03:34:32.965000+00:00,book,0.43,SELL,9.34,0.41,0.43
2025-12-08T03:34:55.180000+00:00,book,0.41,BUY,223.25,0.41,0.43
2025-12-08T03:34:55.180000+00:00,book,0.43,SELL,9.34,0.41,0.43
2025-12-08T03:35:11.072000+00:00,price_change,0.12,BUY,2500,0.41,0.43
2025-12-08T03:35:13.036000+00:00,price_change,0.44,SELL,1873.49,0.41,0.43
2025-12-08T03:35:18.149000+00:00,price_change,0.82,SELL,1666,0.41,0.43
2025-12-08T03:35:41.129000+00:00,book,0.41,BUY,223.25,0.41,0.43
2025-12-08T03:35:41.129000+00:00,book,0.43,SELL,9.34,0.41,0.43
2025-12-08T03:36:11.407000+00:00,price_change,0.42,BUY,5,0.42,0.43
2025-12-08T03:36:28.651000+00:00,price_change,0.84,SELL,0,0.42,0.43
2025-12-08T03:36:29.598000+00:00,price_change,0.81,SELL,5.16,0.42,0.43
2025-12-08T03:36:43.020000+00:00,price_change,0.44,SELL,1873.49,0.42,0.43
2025-12-08T03:37:03.001000+00:00,price_change,0.44,SELL,1800.29,0.42,0.43
2025-12-08T03:37:55.218000+00:00,price_change,0.11,BUY,0,0.42,0.43
2025-12-08T03:37:55.219000+00:00,price_change,0.83,SELL,0,0.42,0.43
2025-12-08T03:37:55.539000+00:00,price_change,0.82,SELL,1706,0.42,0.43
2025-12-08T03:37:55.557000+00:00,price_change,0.12,BUY,2540,0.42,0.43
2025-12-08T03:38:13.023000+00:00,price_change,0.44,SELL,1873.49,0.42,0.43
2025-12-08T03:38:33.001000+00:00,price_change,0.44,SELL,1800.29,0.42,0.43
2025-12-08T03:38:33.229000+00:00,price_change,0.12,BUY,40,0.42,0.43
2025-12-08T03:38:33.238000+00:00,price_change,0.82,SELL,40,0.42,0.43
2025-12-08T03:38:36.301000+00:00,price_change,0.37,BUY,5.1,0.42,0.43
2025-12-08T03:38:36.304000+00:00,price_change,0.37,BUY,271.1,0.42,0.43
2025-12-08T03:38:36.881000+00:00,price_change,0.37,BUY,5.1,0.42,0.43
2025-12-08T03:38:36.886000+00:00,price_change,0.37,BUY,174.1,0.42,0.43
2025-12-08T03:39:05.143000+00:00,price_change,0.1,BUY,3000,0.42,0.43
2025-12-08T03:39:08.872000+00:00,price_change,0.81,SELL,1583.16,0.42,0.43
2025-12-08T03:39:41.879000+00:00,price_change,0.1,BUY,0,0.42,0.43
2025-12-08T03:39:43.012000+00:00,price_change,0.44,SELL,1873.49,0.42,0.43
2025-12-08T03:39:58.918000+00:00,price_change,0.13,BUY,2306,0.42,0.43
2025-12-08T03:40:03.001000+00:00,price_change,0.44,SELL,1800.29,0.42,0.43
2025-12-08T03:41:13.055000+00:00,price_change,0.44,SELL,1873.49,0.42,0.43
2025-12-08T03:41:33.001000+00:00,price_change,0.44,SELL,1800.29,0.42,0.43
2025-12-08T03:41:47.001000+00:00,price_change,0.46,SELL,0,0.42,0.43
2025-12-08T03:42:08.022000+00:00,price_change,0.46,SELL,10,0.42,0.43
2025-12-08T03:47:08.067000+00:00,book,0.42,BUY,5,0.42,0.43
2025-12-08T03:47:08.067000+00:00,book,0.43,SELL,9.34,0.42,0.43
2025-12-08T03:47:13.011000+00:00,price_change,0.44,SELL,1873.49,0.42,0.43
2025-12-08T03:47:33.003000+00:00,price_change,0.44,SELL,1800.29,0.42,0.43
2025-12-08T03:48:22.717000+00:00,price_change,0.14,BUY,40,0.42,0.43
2025-12-08T03:48:22.720000+00:00,price_change,0.8,SELL,0,0.42,0.43
2025-12-08T03:48:43.015000+00:00,price_change,0.44,SELL,1873.49,0.42,0.43
2025-12-08T03:49:03.001000+00:00,price_change,0.44,SELL,1800.29,0.42,0.43
2025-12-08T03:49:04.889000+00:00,price_change,0.37,BUY,5.1,0.42,0.43
2025-12-08T03:49:04.895000+00:00,price_change,0.37,BUY,174.1,0.42,0.43
2025-12-08T03:49:55.155000+00:00,price_change,0.51,SELL,0,0.42,0.43
2025-12-08T03:49:55.197000+00:00,price_change,0.47,SELL,231.23,0.42,0.43
2025-12-08T03:49:55.680000+00:00,price_change,0.47,SELL,211.23,0.42,0.43
2025-12-08T03:49:55.804000+00:00,price_change,0.47,SELL,231.23,0.42,0.43
2025-12-08T03:49:56.346000+00:00,price_change,0.47,SELL,211.23,0.42,0.43
2025-12-08T03:49:56.402000+00:00,price_change,0.47,SELL,231.23,0.42,0.43
2025-12-08T03:49:56.887000+00:00,price_change,0.47,SELL,211.23,0.42,0.43
2025-12-08T03:49:57.152000+00:00,price_change,0.47,SELL,231.23,0.42,0.43
2025-12-08T03:49:57.709000+00:00,price_change,0.47,SELL,211.23,0.42,0.43
2025-12-08T03:49:57.751000+00:00,price_change,0.47,SELL,231.23,0.42,0.43
2025-12-08T03:49:58.234000+00:00,price_change,0.47,SELL,211.23,0.42,0.43
2025-12-08T03:49:58.351000+00:00,price_change,0.47,SELL,231.23,0.42,0.43
2025-12-08T03:49:58.900000+00:00,price_change,0.47,SELL,211.23,0.42,0.43
2025-12-08T03:49:58.954000+00:00,price_change,0.47,SELL,231.23,0.42,0.43
2025-12-08T03:49:59.438000+00:00,price_change,0.47,SELL,211.23,0.42,0.43
2025-12-08T03:49:59.555000+00:00,price_change,0.47,SELL,231.23,0.42,0.43
2025-12-08T03:50:00.091000+00:00,price_change,0.47,SELL,211.23,0.42,0.43
2025-12-08T03:50:00.156000+00:00,price_change,0.47,SELL,231.23,0.42,0.43
2025-12-08T03:50:00.639000+00:00,price_change,0.47,SELL,211.23,0.42,0.43
2025-12-08T03:50:00.758000+00:00,price_change,0.47,SELL,231.23,0.42,0.43
2025-12-08T03:50:01.284000+00:00,price_change,0.47,SELL,211.23,0.42,0.43
2025-12-08T03:50:01.356000+00:00,price_change,0.47,SELL,231.23,0.42,0.43
2025-12-08T03:50:01.793000+00:00,price_change,0.47,SELL,211.23,0.42,0.43
2025-12-08T03:50:01.957000+00:00,price_change,0.47,SELL,231.23,0.42,0.43
2025-12-08T03:50:02.426000+00:00,price_change,0.92,SELL,0,0.42,0.43
2025-12-08T03:50:02.489000+00:00,price_change,0.47,SELL,211.23,0.42,0.43
2025-12-08T03:50:02.709000+00:00,price_change,0.48,SELL,40,0.42,0.43
2025-12-08T03:50:02.773000+00:00,price_change,0.09,BUY,100,0.42,0.43
2025-12-08T03:50:02.830000+00:00,price_change,0.86,SELL,5421,0.42,0.43
2025-12-08T03:50:13.030000+00:00,price_change,0.44,SELL,1873.49,0.42,0.43
2025-12-08T03:50:23.506000+00:00,price_change,0.48,SELL,20,0.42,0.43
2025-12-08T03:50:33.003000+00:00,price_change,0.44,SELL,1800.29,0.42,0.43
2025-12-08T03:50:39.245000+00:00,price_change,0.47,SELL,231.23,0.42,0.43
2025-12-08T03:50:56.201000+00:00,price_change,0.47,SELL,211.23,0.42,0.43
2025-12-08T03:51:06.365000+00:00,price_change,0.48,SELL,40,0.42,0.43
2025-12-08T03:51:23.438000+00:00,price_change,0.88,SELL,9000,0.42,0.43
2025-12-08T03:51:23.439000+00:00,price_change,0.14,BUY,0,0.42,0.43
2025-12-08T03:51:23.775000+00:00,price_change,0.86,SELL,5461,0.42,0.43
2025-12-08T03:51:26.541000+00:00,price_change,0.37,BUY,5.1,0.42,0.43
2025-12-08T03:51:26.737000+00:00,price_change,0.86,SELL,5441,0.42,0.43
2025-12-08T03:51:28.922000+00:00,price_change,0.37,BUY,271.1,0.42,0.43
2025-12-08T03:51:29.060000+00:00,price_change,0.7,SELL,20,0.42,0.43
2025-12-08T03:51:32.860000+00:00,price_change,0.7,SELL,0,0.42,0.43
2025-12-08T03:51:32.960000+00:00,price_change,0.86,SELL,5461,0.42,0.43
2025-12-08T03:51:38.892000+00:00,price_change,0.85,SELL,2005.67,0.42,0.43
2025-12-08T03:51:43.048000+00:00,price_change,0.44,SELL,1873.49,0.42,0.43
2025-12-08T03:51:52.025000+00:00,price_change,0.07,BUY,4284,0.42,0.43
2025-12-08T03:52:03.001000+00:00,price_change,0.44,SELL,1800.29,0.42,0.43
2025-12-08T03:52:14.906000+00:00,price_change,0.85,SELL,1998,0.42,0.43
2025-12-08T03:52:16.198000+00:00,price_change,0.84,SELL,6.89,0.42,0.43
2025-12-08T03:53:13.038000+00:00,price_change,0.44,SELL,1873.49,0.42,0.43
2025-12-08T03:53:33.001000+00:00,price_change,0.44,SELL,1800.29,0.42,0.43
2025-12-08T03:53:33.966000+00:00,price_change,0.09,BUY,0,0.42,0.43
2025-12-08T03:53:34.526000+00:00,price_change,0.07,BUY,4484,0.42,0.43
2025-12-08T03:53:37.570000+00:00,price_change,0.37,BUY,5.1,0.42,0.43
2025-12-08T03:53:37.574000+00:00,price_change,0.37,BUY,174.1,0.42,0.43
2025-12-08T03:54:16.565000+00:00,price_change,0.1,BUY,1600,0.42,0.43
2025-12-08T03:54:17.125000+00:00,price_change,0.86,SELL,6603,0.42,0.43
2025-12-08T03:54:43.063000+00:00,price_change,0.44,SELL,1873.49,0.42,0.43
2025-12-08T03:55:03+00:00,price_change,0.44,SELL,1800.29,0.42,0.43
2025-12-08T03:55:11.521000+00:00,price_change,0.85,SELL,0,0.42,0.43
2025-12-08T03:55:11.524000+00:00,price_change,0.07,BUY,200,0.42,0.43
2025-12-08T03:55:41.967000+00:00,price_change,0.92,SELL,2000,0.42,0.43
2025-12-08T03:55:54.119000+00:00,price_change,0.86,SELL,6563,0.42,0.43
2025-12-08T03:55:54.476000+00:00,price_change,0.85,SELL,40,0.42,0.43
2025-12-08T03:56:13.036000+00:00,price_change,0.44,SELL,1873.49,0.42,0.43
2025-12-08T03:56:33+00:00,price_change,0.44,SELL,1800.29,0.42,0.43
2025-12-08T03:56:38.834000+00:00,price_change,0.08,BUY,3750,0.42,0.43
2025-12-08T03:57:25.030000+00:00,price_change,0.84,SELL,1880.89,0.42,0.43
2025-12-08T03:57:43.004000+00:00,price_change,0.44,SELL,1873.49,0.42,0.43
2025-12-08T03:58:03.002000+00:00,price_change,0.44,SELL,1800.29,0.42,0.43
2025-12-08T03:58:17.245000+00:00,price_change,0.85,SELL,0,0.42,0.43
2025-12-08T03:58:17.638000+00:00,price_change,0.1,BUY,1700,0.42,0.43
2025-12-08T03:58:18.025000+00:00,price_change,0.86,SELL,6603,0.42,0.43
2025-12-08T03:58:38.366000+00:00,price_change,0.37,BUY,5.1,0.42,0.43
2025-12-08T03:58:38.377000+00:00,price_change,0.37,BUY,271.1,0.42,0.43
2025-12-08T03:58:39.619000+00:00,price_change,0.37,BUY,5.1,0.42,0.43
2025-12-08T03:58:39.621000+00:00,price_change,0.37,BUY,174.1,0.42,0.43
2025-12-08T03:59:13.041000+00:00,price_change,0.44,SELL,1873.49,0.42,0.43
2025-12-08T03:59:33+00:00,price_change,0.44,SELL,1800.29,0.42,0.43
2025-12-08T04:00:21.914000+00:00,price_change,0.84,SELL,1874,0.42,0.43
2025-12-08T04:00:22.860000+00:00,price_change,0.83,SELL,6.21,0.42,0.43
2025-12-08T04:00:43.003000+00:00,price_change,0.44,SELL,1873.49,0.42,0.43
2025-12-08T04:00:47.869000+00:00,price_change,0.07,BUY,0,0.42,0.43
2025-12-08T04:00:47.870000+00:00,price_change,0.86,SELL,6563,0.42,0.43
2025-12-08T04:00:48.389000+00:00,price_change,0.08,BUY,3850,0.42,0.43
2025-12-08T04:00:48.411000+00:00,price_change,0.84,SELL,1914,0.42,0.43
2025-12-08T04:01:03.004000+00:00,price_change,0.44,SELL,1800.29,0.42,0.43
2025-12-08T04:01:10.463000+00:00,price_change,0.37,BUY,5.1,0.42,0.43
2025-12-08T04:01:10.467000+00:00,price_change,0.38,BUY,2078.4,0.42,0.43
2025-12-08T04:01:19.010000+00:00,price_change,0.84,SELL,40,0.42,0.43
2025-12-08T04:01:19.011000+00:00,price_change,0.08,BUY,100,0.42,0.43
2025-12-08T04:02:13.036000+00:00,price_change,0.44,SELL,1873.49,0.42,0.43
2025-12-08T04:02:33+00:00,price_change,0.44,SELL,1800.29,0.42,0.43
2025-12-08T04:03:12.800000+00:00,price_change,0.06,BUY,200,0.42,0.43
2025-12-08T04:03:12.960000+00:00,price_change,0.11,BUY,5495,0.42,0.43
2025-12-08T04:03:13.278000+00:00,price_change,0.86,SELL,1162,0.42,0.43
2025-12-08T04:03:13.448000+00:00,price_change,0.85,SELL,5019,0.42,0.43
2025-12-08T04:03:40.706000+00:00,price_change,0.38,BUY,2054.4,0.42,0.43
2025-12-08T04:03:40.894000+00:00,price_change,0.86,SELL,1142,0.42,0.43
2025-12-08T04:03:43.031000+00:00,price_change,0.44,SELL,1873.49,0.42,0.43
2025-12-08T04:03:51.599000+00:00,price_change,0.38,BUY,2078.4,0.42,0.43
2025-12-08T04:03:51.772000+00:00,price_change,0.7,SELL,20,0.42,0.43
2025-12-08T04:03:55.707000+00:00,price_change,0.7,SELL,0,0.42,0.43
2025-12-08T04:03:55.833000+00:00,price_change,0.85,SELL,5039,0.42,0.43
2025-12-08T04:04:03.001000+00:00,price_change,0.44,SELL,1800.29,0.42,0.43
2025-12-08T04:04:09.691000+00:00,price_change,0.38,BUY,2054.4,0.42,0.43
2025-12-08T04:04:09.691000+00:00,price_change,0.37,BUY,271.1,0.42,0.43
2025-12-08T04:04:09.897000+00:00,price_change,0.37,BUY,5.1,0.42,0.43
2025-12-08T04:04:09.905000+00:00,price_change,0.37,BUY,174.1,0.42,0.43
2025-12-08T04:04:54.215000+00:00,price_change,0.85,SELL,5019,0.42,0.43
2025-12-08T04:05:13.031000+00:00,price_change,0.44,SELL,1873.49,0.42,0.43
2025-12-08T04:05:22.100000+00:00,price_change,0.06,BUY,0,0.42,0.43
2025-12-08T04:05:22.100000+00:00,price_change,0.1,BUY,1600,0.42,0.43
2025-12-08T04:05:22.100000+00:00,price_change,0.08,BUY,0,0.42,0.43
2025-12-08T04:05:22.101000+00:00,price_change,0.84,SELL,0,0.42,0.43
2025-12-08T04:05:22.498000+00:00,price_change,0.85,SELL,5059,0.42,0.43
2025-12-08T04:05:22.523000+00:00,price_change,0.05,BUY,3200,0.42,0.43
2025-12-08T04:05:22.541000+00:00,price_change,0.07,BUY,200,0.42,0.43
2025-12-08T04:05:22.554000+00:00,price_change,0.11,BUY,5535,0.42,0.43
2025-12-08T04:05:33.002000+00:00,price_change,0.44,SELL,1800.29,0.42,0.43
2025-12-08T04:05:54.874000+00:00,price_change,0.84,SELL,1874,0.42,0.43
2025-12-08T04:05:55.030000+00:00,price_change,0.12,BUY,2500,0.42,0.43
2025-12-08T04:06:43.002000+00:00,price_change,0.44,SELL,1873.49,0.42,0.43
2025-12-08T04:06:56.902000+00:00,price_change,0.37,BUY,5.1,0.42,0.43
2025-12-08T04:06:56.903000+00:00,price_change,0.39,BUY,310,0.42,0.43
2025-12-08T04:07:03.001000+00:00,price_change,0.44,SELL,1800.29,0.42,0.43
2025-12-08T04:07:11.001000+00:00,price_change,0.46,SELL,0,0.42,0.43
2025-12-08T04:07:11.215000+00:00,price_change,0.39,BUY,300,0.42,0.43
2025-12-08T04:07:11.215000+00:00,price_change,0.37,BUY,271.1,0.42,0.43
2025-12-08T04:07:37.561000+00:00,price_change,0.46,SELL,10,0.42,0.43
2025-12-08T04:07:52.037000+00:00,price_change,0.42,BUY,0,0.41,0.43
2025-12-08T04:08:02.511000+00:00,price_change,0.93,SELL,4806.21,0.41,0.43
2025-12-08T04:08:03.370000+00:00,price_change,0.07,BUY,400,0.41,0.43
2025-12-08T04:08:03.372000+00:00,price_change,0.85,SELL,5099,0.41,0.43
2025-12-08T04:08:03.375000+00:00,price_change,0.11,BUY,5575,0.41,0.43
2025-12-08T04:08:03.378000+00:00,price_change,0.05,BUY,3400,0.41,0.43
2025-12-08T04:08:13.040000+00:00,price_change,0.44,SELL,1873.49,0.41,0.43
2025-12-08T04:08:16.640000+00:00,price_change,0.43,SELL,4.34,0.41,0.43
2025-12-08T04:08:16.640000+00:00,book,0.41,BUY,223.25,0.41,0.43
2025-12-08T04:08:16.640000+00:00,book,0.43,SELL,4.34,0.41,0.43
2025-12-08T04:08:17.019000+00:00,price_change,0.38,BUY,2078.4,0.41,0.43
2025-12-08T04:08:17.021000+00:00,price_change,0.37,BUY,5.1,0.41,0.43
2025-12-08T04:08:33.002000+00:00,price_change,0.44,SELL,1800.29,0.41,0.43
2025-12-08T04:08:55.709000+00:00,price_change,0.38,BUY,2054.4,0.41,0.43
2025-12-08T04:09:08.115000+00:00,price_change,0.38,BUY,2078.4,0.41,0.43
2025-12-08T04:09:43.016000+00:00,price_change,0.44,SELL,1873.49,0.41,0.43
2025-12-08T04:10:03+00:00,price_change,0.44,SELL,1800.29,0.41,0.43
2025-12-08T04:10:20.287000+00:00,price_change,0.48,SELL,20,0.41,0.43
2025-12-08T04:10:20.377000+00:00,price_change,0.47,SELL,231.23,0.41,0.43
2025-12-08T04:10:20.966000+00:00,price_change,0.47,SELL,211.23,0.41,0.43
2025-12-08T04:10:21.122000+00:00,price_change,0.47,SELL,231.23,0.41,0.43
2025-12-08T04:10:21.647000+00:00,price_change,0.47,SELL,211.23,0.41,0.43
2025-12-08T04:10:21.873000+00:00,price_change,0.47,SELL,231.23,0.41,0.43
2025-12-08T04:10:22.360000+00:00,price_change,0.47,SELL,211.23,0.41,0.43
2025-12-08T04:10:22.476000+00:00,price_change,0.47,SELL,231.23,0.41,0.43
2025-12-08T04:10:23.011000+00:00,price_change,0.47,SELL,211.23,0.41,0.43
2025-12-08T04:10:23.234000+00:00,price_change,0.47,SELL,231.23,0.41,0.43
2025-12-08T04:10:23.770000+00:00,price_change,0.47,SELL,211.23,0.41,0.43
2025-12-08T04:10:23.832000+00:00,price_change,0.47,SELL,231.23,0.41,0.43
2025-12-08T04:10:24.417000+00:00,price_change,0.47,SELL,211.23,0.41,0.43
2025-12-08T04:10:28.197000+00:00,price_change,0.47,SELL,231.23,0.41,0.43
2025-12-08T04:10:28.677000+00:00,price_change,0.47,SELL,211.23,0.41,0.43
2025-12-08T04:10:28.786000+00:00,price_change,0.47,SELL,231.23,0.41,0.43
2025-12-08T04:10:29.357000+00:00,price_change,0.47,SELL,211.23,0.41,0.43
2025-12-08T04:10:29.572000+00:00,price_change,0.47,SELL,231.23,0.41,0.43
2025-12-08T04:10:30.039000+00:00,price_change,0.47,SELL,211.23,0.41,0.43
2025-12-08T04:10:30.137000+00:00,price_change,0.47,SELL,231.23,0.41,0.43
2025-12-08T04:10:30.720000+00:00,price_change,0.47,SELL,211.23,0.41,0.43
2025-12-08T04:10:30.890000+00:00,price_change,0.47,SELL,231.23,0.41,0.43
2025-12-08T04:10:31.402000+00:00,price_change,0.47,SELL,211.23,0.41,0.43
2025-12-08T04:10:31.494000+00:00,price_change,0.47,SELL,231.23,0.41,0.43
2025-12-08T04:10:32.082000+00:00,price_change,0.47,SELL,211.23,0.41,0.43
2025-12-08T04:10:32.245000+00:00,price_change,0.47,SELL,231.23,0.41,0.43
2025-12-08T04:10:32.761000+00:00,price_change,0.47,SELL,211.23,0.41,0.43
2025-12-08T04:10:32.842000+00:00,price_change,0.47,SELL,231.23,0.41,0.43
2025-12-08T04:10:33.474000+00:00,price_change,0.47,SELL,211.23,0.41,0.43
2025-12-08T04:10:33.592000+00:00,price_change,0.47,SELL,231.23,0.41,0.43
2025-12-08T04:10:34.124000+00:00,price_change,0.47,SELL,211.23,0.41,0.43
2025-12-08T04:10:34.347000+00:00,price_change,0.47,SELL,231.23,0.41,0.43
2025-12-08T04:10:34.827000+00:00,price_change,0.47,SELL,211.23,0.41,0.43
2025-12-08T04:10:34.951000+00:00,price_change,0.47,SELL,231.23,0.41,0.43
2025-12-08T04:10:35.485000+00:00,price_change,0.47,SELL,211.23,0.41,0.43
2025-12-08T04:10:35.547000+00:00,price_change,0.47,SELL,231.23,0.41,0.43
2025-12-08T04:10:36.037000+00:00,price_change,0.47,SELL,211.23,0.41,0.43
2025-12-08T04:10:36.449000+00:00,price_change,0.47,SELL,231.23,0.41,0.43
2025-12-08T04:10:37.015000+00:00,price_change,0.47,SELL,211.23,0.41,0.43
2025-12-08T04:10:37.202000+00:00,price_change,0.47,SELL,231.23,0.41,0.43
2025-12-08T04:10:37.696000+00:00,price_change,0.47,SELL,211.23,0.41,0.43
2025-12-08T04:10:37.804000+00:00,price_change,0.47,SELL,231.23,0.41,0.43
2025-12-08T04:10:38.376000+00:00,price_change,0.47,SELL,211.23,0.41,0.43
2025-12-08T04:10:38.582000+00:00,price_change,0.47,SELL,231.23,0.41,0.43
2025-12-08T04:10:39.057000+00:00,price_change,0.47,SELL,211.23,0.41,0.43
2025-12-08T04:10:39.157000+00:00,price_change,0.47,SELL,231.23,0.41,0.43
2025-12-08T04:10:39.193000+00:00,price_change,0.11,BUY,5535,0.41,0.43
2025-12-08T04:10:39.193000+00:00,price_change,0.85,SELL,5059,0.41,0.43
2025-12-08T04:10:39.740000+00:00,price_change,0.47,SELL,211.23,0.41,0.43
2025-12-08T04:10:39.925000+00:00,price_change,0.02,BUY,600,0.41,0.43
2025-12-08T04:10:40.052000+00:00,price_change,0.01,BUY,3250,0.41,0.43
2025-12-08T04:10:40.201000+00:00,price_change,0.12,BUY,2540,0.41,0.43
2025-12-08T04:10:40.236000+00:00,price_change,0.84,SELL,1914,0.41,0.43
2025-12-08T04:10:40.248000+00:00,price_change,0.47,SELL,231.23,0.41,0.43
2025-12-08T04:10:40.763000+00:00,price_change,0.47,SELL,211.23,0.41,0.43
2025-12-08T04:10:40.973000+00:00,price_change,0.47,SELL,231.23,0.41,0.43
2025-12-08T04:10:41.444000+00:00,price_change,0.47,SELL,211.23,0.41,0.43
2025-12-08T04:10:41.560000+00:00,price_change,0.47,SELL,231.23,0.41,0.43
2025-12-08T04:10:42.123000+00:00,price_change,0.47,SELL,211.23,0.41,0.43
2025-12-08T04:10:42.161000+00:00,price_change,0.47,SELL,231.23,0.41,0.43
2025-12-08T04:10:42.636000+00:00,price_change,0.47,SELL,211.23,0.41,0.43
2025-12-08T04:10:42.768000+00:00,price_change,0.47,SELL,231.23,0.41,0.43
2025-12-08T04:10:48.251000+00:00,price_change,0.47,SELL,211.23,0.41,0.43
2025-12-08T04:10:48.467000+00:00,price_change,0.47,SELL,231.23,0.41,0.43
2025-12-08T04:10:48.955000+00:00,price_change,0.47,SELL,211.23,0.41,0.43
2025-12-08T04:10:49.068000+00:00,price_change,0.47,SELL,231.23,0.41,0.43
2025-12-08T04:10:49.612000+00:00,price_change,0.47,SELL,211.23,0.41,0.43
2025-12-08T04:10:49.674000+00:00,price_change,0.47,SELL,231.23,0.41,0.43
2025-12-08T04:10:50.151000+00:00,price_change,0.47,SELL,211.23,0.41,0.43
2025-12-08T04:10:50.268000+00:00,price_change,0.47,SELL,231.23,0.41,0.43
2025-12-08T04:10:50.802000+00:00,price_change,0.47,SELL,211.23,0.41,0.43
2025-12-08T04:10:50.869000+00:00,price_change,0.47,SELL,231.23,0.41,0.43
2025-12-08T04:10:51.314000+00:00,price_change,0.47,SELL,211.23,0.41,0.43
2025-12-08T04:10:51.485000+00:00,price_change,0.47,SELL,231.23,0.41,0.43
2025-12-08T04:10:51.995000+00:00,price_change,0.47,SELL,211.23,0.41,0.43
2025-12-08T04:10:52.072000+00:00,price_change,0.47,SELL,231.23,0.41,0.43
2025-12-08T04:10:52.507000+00:00,price_change,0.47,SELL,211.23,0.41,0.43
2025-12-08T04:10:52.680000+00:00,price_change,0.47,SELL,231.23,0.41,0.43
2025-12-08T04:10:53.185000+00:00,price_change,0.47,SELL,211.23,0.41,0.43
2025-12-08T04:10:53.576000+00:00,price_change,0.47,SELL,231.23,0.41,0.43
2025-12-08T04:10:54.058000+00:00,price_change,0.47,SELL,211.23,0.41,0.43
2025-12-08T04:10:54.174000+00:00,price_change,0.47,SELL,231.23,0.41,0.43
2025-12-08T04:10:54.716000+00:00,price_change,0.47,SELL,211.23,0.41,0.43
2025-12-08T04:10:54.778000+00:00,price_change,0.47,SELL,231.23,0.41,0.43
2025-12-08T04:10:55.260000+00:00,price_change,0.47,SELL,211.23,0.41,0.43
2025-12-08T04:10:55.377000+00:00,price_change,0.47,SELL,231.23,0.41,0.43
2025-12-08T04:10:55.907000+00:00,price_change,0.47,SELL,211.23,0.41,0.43
2025-12-08T04:10:56.128000+00:00,price_change,0.47,SELL,231.23,0.41,0.43
2025-12-08T04:10:56.611000+00:00,price_change,0.47,SELL,211.23,0.41,0.43
2025-12-08T04:10:56.879000+00:00,price_change,0.47,SELL,231.23,0.41,0.43
2025-12-08T04:10:57.439000+00:00,price_change,0.47,SELL,211.23,0.41,0.43
2025-12-08T04:10:57.644000+00:00,price_change,0.47,SELL,231.23,0.41,0.43
2025-12-08T04:10:58.119000+00:00,price_change,0.47,SELL,211.23,0.41,0.43
2025-12-08T04:10:58.235000+00:00,price_change,0.47,SELL,231.23,0.41,0.43
2025-12-08T04:10:58.800000+00:00,price_change,0.47,SELL,211.23,0.41,0.43
2025-12-08T04:10:59.148000+00:00,price_change,0.47,SELL,231.23,0.41,0.43
2025-12-08T04:10:59.650000+00:00,price_change,0.47,SELL,211.23,0.41,0.43
2025-12-08T04:10:59.883000+00:00,price_change,0.47,SELL,231.23,0.41,0.43
2025-12-08T04:11:00.335000+00:00,price_change,0.47,SELL,211.23,0.41,0.43
2025-12-08T04:11:00.492000+00:00,price_change,0.47,SELL,231.23,0.41,0.43
2025-12-08T04:11:01.013000+00:00,price_change,0.47,SELL,211.23,0.41,0.43
2025-12-08T04:11:01.093000+00:00,price_change,0.47,SELL,231.23,0.41,0.43
2025-12-08T04:11:01.522000+00:00,price_change,0.47,SELL,211.23,0.41,0.43
2025-12-08T04:11:01.842000+00:00,price_change,0.47,SELL,231.23,0.41,0.43
2025-12-08T04:11:02.382000+00:00,price_change,0.47,SELL,211.23,0.41,0.43
2025-12-08T04:11:02.596000+00:00,price_change,0.47,SELL,231.23,0.41,0.43
2025-12-08T04:11:03.076000+00:00,price_change,0.47,SELL,211.23,0.41,0.43
2025-12-08T04:11:03.347000+00:00,price_change,0.47,SELL,231.23,0.41,0.43
2025-12-08T04:11:03.905000+00:00,price_change,0.47,SELL,211.23,0.41,0.43
2025-12-08T04:11:04.119000+00:00,price_change,0.47,SELL,231.23,0.41,0.43
2025-12-08T04:11:04.587000+00:00,price_change,0.47,SELL,211.23,0.41,0.43
2025-12-08T04:11:05+00:00,price_change,0.47,SELL,231.23,0.41,0.43
2025-12-08T04:11:05.439000+00:00,price_change,0.47,SELL,211.23,0.41,0.43
2025-12-08T04:11:05.600000+00:00,price_change,0.47,SELL,231.23,0.41,0.43
2025-12-08T04:11:06.117000+00:00,price_change,0.47,SELL,211.23,0.41,0.43
2025-12-08T04:11:06.495000+00:00,price_change,0.47,SELL,231.23,0.41,0.43
2025-12-08T04:11:07.002000+00:00,price_change,0.47,SELL,211.23,0.41,0.43
2025-12-08T04:11:07.102000+00:00,price_change,0.47,SELL,231.23,0.41,0.43
2025-12-08T04:11:07.651000+00:00,price_change,0.47,SELL,211.23,0.41,0.43
2025-12-08T04:11:07.699000+00:00,price_change,0.47,SELL,231.23,0.41,0.43
2025-12-08T04:11:08.194000+00:00,price_change,0.47,SELL,211.23,0.41,0.43
2025-12-08T04:11:08.304000+00:00,price_change,0.47,SELL,231.23,0.41,0.43
2025-12-08T04:11:08.842000+00:00,price_change,0.47,SELL,211.23,0.41,0.43
2025-12-08T04:11:08.901000+00:00,price_change,0.47,SELL,231.23,0.41,0.43
2025-12-08T04:11:09.388000+00:00,price_change,0.47,SELL,211.23,0.41,0.43
2025-12-08T04:11:09.502000+00:00,price_change,0.47,SELL,231.23,0.41,0.43
2025-12-08T04:11:10.032000+00:00,price_change,0.47,SELL,211.23,0.41,0.43
2025-12-08T04:11:10.103000+00:00,price_change,0.47,SELL,231.23,0.41,0.43
2025-12-08T04:11:10.544000+00:00,price_change,0.47,SELL,211.23,0.41,0.43
2025-12-08T04:11:10.708000+00:00,price_change,0.47,SELL,231.23,0.41,0.43
2025-12-08T04:11:11.223000+00:00,price_change,0.47,SELL,211.23,0.41,0.43
2025-12-08T04:11:11.305000+00:00,price_change,0.47,SELL,231.23,0.41,0.43
2025-12-08T04:11:11.734000+00:00,price_change,0.47,SELL,211.23,0.41,0.43
2025-12-08T04:11:11.903000+00:00,price_change,0.47,SELL,231.23,0.41,0.43
2025-12-08T04:11:12.416000+00:00,price_change,0.47,SELL,211.23,0.41,0.43
2025-12-08T04:11:12.507000+00:00,price_change,0.47,SELL,231.23,0.41,0.43
2025-12-08T04:11:13.012000+00:00,price_change,0.44,SELL,1873.49,0.41,0.43
2025-12-08T04:11:13.095000+00:00,price_change,0.47,SELL,211.23,0.41,0.43
2025-12-08T04:11:13.412000+00:00,price_change,0.47,SELL,231.23,0.41,0.43
2025-12-08T04:11:13.945000+00:00,price_change,0.47,SELL,211.23,0.41,0.43
2025-12-08T04:11:14.009000+00:00,price_change,0.47,SELL,231.23,0.41,0.43
2025-12-08T04:11:14.490000+00:00,price_change,0.47,SELL,211.23,0.41,0.43
2025-12-08T04:11:15.060000+00:00,price_change,0.47,SELL,231.23,0.41,0.43
2025-12-08T04:11:15.648000+00:00,price_change,0.47,SELL,211.23,0.41,0.43
2025-12-08T04:11:15.819000+00:00,price_change,0.47,SELL,231.23,0.41,0.43
2025-12-08T04:11:16.328000+00:00,price_change,0.47,SELL,211.23,0.41,0.43
2025-12-08T04:11:16.418000+00:00,price_change,0.47,SELL,231.23,0.41,0.43
2025-12-08T04:11:17.008000+00:00,price_change,0.47,SELL,211.23,0.41,0.43
2025-12-08T04:11:17.466000+00:00,price_change,0.47,SELL,231.23,0.41,0.43
2025-12-08T04:11:18.030000+00:00,price_change,0.47,SELL,211.23,0.41,0.43
2025-12-08T04:11:18.236000+00:00,price_change,0.47,SELL,231.23,0.41,0.43
2025-12-08T04:11:18.711000+00:00,price_change,0.47,SELL,211.23,0.41,0.43
2025-12-08T04:11:18.970000+00:00,price_change,0.47,SELL,231.23,0.41,0.43
2025-12-08T04:11:19.561000+00:00,price_change,0.47,SELL,211.23,0.41,0.43
2025-12-08T04:11:19.719000+00:00,price_change,0.47,SELL,231.23,0.41,0.43
2025-12-08T04:11:20.244000+00:00,price_change,0.47,SELL,211.23,0.41,0.43
2025-12-08T04:11:20.322000+00:00,price_change,0.47,SELL,231.23,0.41,0.43
2025-12-08T04:11:20.753000+00:00,price_change,0.47,SELL,211.23,0.41,0.43
2025-12-08T04:11:20.921000+00:00,price_change,0.47,SELL,231.23,0.41,0.43
2025-12-08T04:11:21.431000+00:00,price_change,0.47,SELL,211.23,0.41,0.43
2025-12-08T04:11:21.519000+00:00,price_change,0.47,SELL,231.23,0.41,0.43
2025-12-08T04:11:21.946000+00:00,price_change,0.47,SELL,211.23,0.41,0.43
2025-12-08T04:11:22.149000+00:00,price_change,0.47,SELL,231.23,0.41,0.43
2025-12-08T04:11:22.624000+00:00,price_change,0.47,SELL,211.23,0.41,0.43
2025-12-08T04:11:22.722000+00:00,price_change,0.47,SELL,231.23,0.41,0.43
2025-12-08T04:11:23.303000+00:00,price_change,0.47,SELL,211.23,0.41,0.43
2025-12-08T04:11:23.481000+00:00,price_change,0.47,SELL,231.23,0.41,0.43
2025-12-08T04:11:23.984000+00:00,price_change,0.47,SELL,211.23,0.41,0.43
2025-12-08T04:11:24.077000+00:00,price_change,0.47,SELL,231.23,0.41,0.43
2025-12-08T04:11:24.666000+00:00,price_change,0.47,SELL,211.23,0.41,0.43
2025-12-08T04:11:24.826000+00:00,price_change,0.47,SELL,231.23,0.41,0.43
2025-12-08T04:11:25.346000+00:00,price_change,0.47,SELL,211.23,0.41,0.43
2025-12-08T04:11:25.424000+00:00,price_change,0.47,SELL,231.23,0.41,0.43
2025-12-08T04:11:25.857000+00:00,price_change,0.47,SELL,211.23,0.41,0.43
2025-12-08T04:11:26.025000+00:00,price_change,0.47,SELL,231.23,0.41,0.43
2025-12-08T04:11:26.540000+00:00,price_change,0.47,SELL,211.23,0.41,0.43
2025-12-08T04:11:26.776000+00:00,price_change,0.47,SELL,231.23,0.41,0.43
2025-12-08T04:11:27.218000+00:00,price_change,0.47,SELL,211.23,0.41,0.43
2025-12-08T04:11:27.380000+00:00,price_change,0.47,SELL,231.23,0.41,0.43
2025-12-08T04:11:27.899000+00:00,price_change,0.47,SELL,211.23,0.41,0.43
2025-12-08T04:11:27.979000+00:00,price_change,0.47,SELL,231.23,0.41,0.43
2025-12-08T04:11:28.409000+00:00,price_change,0.47,SELL,211.23,0.41,0.43
2025-12-08T04:11:28.581000+00:00,price_change,0.47,SELL,231.23,0.41,0.43
2025-12-08T04:11:29.090000+00:00,price_change,0.47,SELL,211.23,0.41,0.43
2025-12-08T04:11:29.178000+00:00,price_change,0.47,SELL,231.23,0.41,0.43
2025-12-08T04:11:29.603000+00:00,price_change,0.47,SELL,211.23,0.41,0.43
2025-12-08T04:11:29.811000+00:00,price_change,0.47,SELL,231.23,0.41,0.43
2025-12-08T04:11:30.288000+00:00,price_change,0.47,SELL,211.23,0.41,0.43
2025-12-08T04:11:30.388000+00:00,price_change,0.47,SELL,231.23,0.41,0.43
2025-12-08T04:11:30.960000+00:00,price_change,0.47,SELL,211.23,0.41,0.43
2025-12-08T04:11:31.134000+00:00,price_change,0.47,SELL,231.23,0.41,0.43
2025-12-08T04:11:31.642000+00:00,price_change,0.47,SELL,211.23,0.41,0.43
2025-12-08T04:11:31.735000+00:00,price_change,0.47,SELL,231.23,0.41,0.43
2025-12-08T04:11:31.793000+00:00,price_change,0.48,SELL,0,0.41,0.43
2025-12-08T04:11:32.321000+00:00,price_change,0.47,SELL,211.23,0.41,0.43
2025-12-08T04:11:32.487000+00:00,price_change,0.48,SELL,20,0.41,0.43
2025-12-08T04:11:33+00:00,price_change,0.44,SELL,1800.29,0.41,0.43
2025-12-08T04:11:42.317000+00:00,price_change,0.47,SELL,231.23,0.41,0.43
2025-12-08T04:11:51.648000+00:00,price_change,0.47,SELL,211.23,0.41,0.43
2025-12-08T04:12:04.806000+00:00,price_change,0.47,SELL,231.23,0.41,0.43
2025-12-08T04:12:16.100000+00:00,price_change,0.47,SELL,211.23,0.41,0.43
2025-12-08T04:12:36.110000+00:00,price_change,0.47,SELL,231.23,0.41,0.43
2025-12-08T04:12:39.215000+00:00,price_change,0.68,SELL,26,0.41,0.43
2025-12-08T04:12:43.031000+00:00,price_change,0.44,SELL,1873.49,0.41,0.43
2025-12-08T04:12:52.674000+00:00,price_change,0.68,SELL,6,0.41,0.43
2025-12-08T04:12:58.132000+00:00,price_change,0.47,SELL,211.23,0.41,0.43
2025-12-08T04:13:03.001000+00:00,price_change,0.44,SELL,1800.29,0.41,0.43
2025-12-08T04:13:10.074000+00:00,price_change,0.48,SELL,40,0.41,0.43
2025-12-08T04:13:20.737000+00:00,price_change,0.85,SELL,5019,0.41,0.43
2025-12-08T04:13:20.740000+00:00,price_change,0.07,BUY,200,0.41,0.43
2025-12-08T04:13:20.740000+00:00,price_change,0.11,BUY,5495,0.41,0.43
2025-12-08T04:13:20.740000+00:00,price_change,0.05,BUY,3200,0.41,0.43
2025-12-08T04:13:20.740000+00:00,price_change,0.02,BUY,300,0.41,0.43
2025-12-08T04:13:20.740000+00:00,price_change,0.01,BUY,2750,0.41,0.43
2025-12-08T04:13:37.026000+00:00,price_change,0.68,SELL,26,0.41,0.43
2025-12-08T04:13:50.525000+00:00,price_change,0.68,SELL,6,0.41,0.43
2025-12-08T04:13:56.669000+00:00,price_change,0.38,BUY,2054.4,0.41,0.43
2025-12-08T04:13:59.205000+00:00,price_change,0.38,BUY,2078.4,0.41,0.43
2025-12-08T04:14:13.044000+00:00,price_change,0.44,SELL,1873.49,0.41,0.43
2025-12-08T04:14:33.001000+00:00,price_change,0.44,SELL,1800.29,0.41,0.43
2025-12-08T04:14:33.067000+00:00,price_change,0.84,SELL,40,0.41,0.43
2025-12-08T04:14:33.070000+00:00,price_change,0.12,BUY,40,0.41,0.43
2025-12-08T04:15:39.939000+00:00,price_change,0.93,SELL,5006.21,0.41,0.43
2025-12-08T04:15:43.010000+00:00,price_change,0.44,SELL,1873.49,0.41,0.43
2025-12-08T04:16:03+00:00,price_change,0.44,SELL,1800.29,0.41,0.43
2025-12-08T04:16:20.275000+00:00,price_change,0.68,SELL,0,0.41,0.43
2025-12-08T04:16:20.321000+00:00,price_change,0.68,SELL,6,0.41,0.43
2025-12-08T04:17:13.024000+00:00,price_change,0.44,SELL,1873.49,0.41,0.43
2025-12-08T04:17:33.001000+00:00,price_change,0.44,SELL,1800.29,0.41,0.43
2025-12-08T04:18:02.222000+00:00,price_change,0.84,SELL,0,0.41,0.43
2025-12-08T04:18:02.250000+00:00,price_change,0.12,BUY,0,0.41,0.43
2025-12-08T04:18:02.686000+00:00,price_change,0.11,BUY,5535,0.41,0.43
2025-12-08T04:18:02.756000+00:00,price_change,0.85,SELL,5059,0.41,0.43
2025-12-08T04:18:12.086000+00:00,price_change,0.38,BUY,2088.4,0.41,0.43
2025-12-08T04:18:12.177000+00:00,price_change,0.46,SELL,20,0.41,0.43
2025-12-08T04:18:43.014000+00:00,price_change,0.44,SELL,1873.49,0.41,0.43
2025-12-08T04:19:03.001000+00:00,price_change,0.44,SELL,1800.29,0.41,0.43
2025-12-08T04:20:02.365000+00:00,price_change,0.92,SELL,0,0.41,0.43
2025-12-08T04:20:03.043000+00:00,price_change,0.1,BUY,0,0.41,0.43
2025-12-08T04:20:03.052000+00:00,price_change,0.86,SELL,0,0.41,0.43
2025-12-08T04:20:08.741000+00:00,price_change,0.83,SELL,0,0.41,0.43
2025-12-08T04:20:09.854000+00:00,price_change,0.84,SELL,6.97,0.41,0.43
2025-12-08T04:20:13.028000+00:00,price_change,0.44,SELL,1873.49,0.41,0.43
2025-12-08T04:20:33+00:00,price_change,0.44,SELL,1800.29,0.41,0.43
2025-12-08T04:21:41.194000+00:00,price_change,0.38,BUY,2064.4,0.41,0.43
2025-12-08T04:21:42.803000+00:00,price_change,0.12,BUY,2500,0.41,0.43
2025-12-08T04:21:42.860000+00:00,price_change,0.84,SELL,1880.97,0.41,0.43
2025-12-08T04:21:43.035000+00:00,price_change,0.44,SELL,1873.49,0.41,0.43
2025-12-08T04:21:58.122000+00:00,price_change,0.38,BUY,2088.4,0.41,0.43
2025-12-08T04:22:03+00:00,price_change,0.44,SELL,1800.29,0.41,0.43
2025-12-08T04:22:17.435000+00:00,price_change,0.84,SELL,6.97,0.41,0.43
2025-12-08T04:22:17.441000+00:00,price_change,0.12,BUY,0,0.41,0.43
2025-12-08T04:22:17.557000+00:00,price_change,0.86,SELL,20,0.41,0.43
2025-12-08T04:22:37.348000+00:00,price_change,0.84,SELL,0,0.41,0.43
2025-12-08T04:22:38.184000+00:00,price_change,0.83,SELL,6.28,0.41,0.43
2025-12-08T04:23:13.036000+00:00,price_change,0.44,SELL,1873.49,0.41,0.43
2025-12-08T04:23:33.004000+00:00,price_change,0.44,SELL,1800.29,0.41,0.43
2025-12-08T04:23:48.501000+00:00,price_change,0.86,SELL,0,0.41,0.43
2025-12-08T04:23:57.978000+00:00,price_change,0.43,SELL,0,0.41,0.44
2025-12-08T04:23:58.027000+00:00,price_change,0.48,SELL,69.99,0.41,0.44
2025-12-08T04:24:16.481000+00:00,price_change,0.86,SELL,1142,0.41,0.44
2025-12-08T04:24:17.056000+00:00,price_change,0.08,BUY,2000,0.41,0.44
2025-12-08T04:24:43.024000+00:00,price_change,0.44,SELL,1873.49,0.41,0.44
2025-12-08T04:24:52.058000+00:00,price_change,0.83,SELL,0,0.41,0.44
2025-12-08T04:24:53.275000+00:00,price_change,0.84,SELL,6.97,0.41,0.44
2025-12-08T04:24:58.469000+00:00,price_change,0.46,SELL,10,0.41,0.44
2025-12-08T04:24:58.560000+00:00,price_change,0.47,SELL,221.23,0.41,0.44
2025-12-08T04:25:03+00:00,price_change,0.44,SELL,1800.29,0.41,0.44
2025-12-08T04:26:13.042000+00:00,price_change,0.44,SELL,1873.49,0.41,0.44
2025-12-08T04:26:33.001000+00:00,price_change,0.44,SELL,1800.29,0.41,0.44
2025-12-08T04:26:35.678000+00:00,price_change,0.92,SELL,2000,0.41,0.44
2025-12-08T04:26:56.301000+00:00,price_change,0.37,BUY,174.1,0.41,0.44
2025-12-08T04:26:56.302000+00:00,price_change,0.38,BUY,2064.4,0.41,0.44
2025-12-08T04:27:04.880000+00:00,price_change,0.07,BUY,0,0.41,0.44
2025-12-08T04:27:05.411000+00:00,price_change,0.08,BUY,2100,0.41,0.44
2025-12-08T04:27:43.017000+00:00,price_change,0.44,SELL,1873.49,0.41,0.44
2025-12-08T04:27:43.388000+00:00,price_change,0.37,BUY,5.1,0.41,0.44
2025-12-08T04:27:43.389000+00:00,price_change,0.38,BUY,2088.4,0.41,0.44
2025-12-08T04:28:03+00:00,price_change,0.44,SELL,1800.29,0.41,0.44
2025-12-08T04:29:01.711000+00:00,price_change,0.38,BUY,2064.4,0.41,0.44
2025-12-08T04:29:01.711000+00:00,price_change,0.37,BUY,271.1,0.41,0.44
2025-12-08T04:29:01.809000+00:00,price_change,0.38,BUY,2088.4,0.41,0.44
2025-12-08T04:29:01.812000+00:00,price_change,0.37,BUY,5.1,0.41,0.44
2025-12-08T04:29:13.008000+00:00,price_change,0.44,SELL,1873.49,0.41,0.44
2025-12-08T04:29:33.002000+00:00,price_change,0.44,SELL,1800.29,0.41,0.44
2025-12-08T04:29:33.395000+00:00,price_change,0.38,BUY,2064.4,0.41,0.44
2025-12-08T04:29:33.399000+00:00,price_change,0.37,BUY,174.1,0.41,0.44
2025-12-08T04:30:26.035000+00:00,price_change,0.37,BUY,5.1,0.41,0.44
2025-12-08T04:30:27.999000+00:00,price_change,0.38,BUY,2088.4,0.41,0.44
2025-12-08T04:30:28.158000+00:00,price_change,0.38,BUY,2064.4,0.41,0.44
2025-12-08T04:30:28.159000+00:00,price_change,0.37,BUY,174.1,0.41,0.44
2025-12-08T04:30:28.205000+00:00,price_change,0.68,SELL,26,0.41,0.44
2025-12-08T04:30:43.036000+00:00,price_change,0.44,SELL,1873.49,0.41,0.44
2025-12-08T04:30:53.176000+00:00,price_change,0.68,SELL,6,0.41,0.44
2025-12-08T04:31:03+00:00,price_change,0.44,SELL,1800.29,0.41,0.44
2025-12-08T04:31:03.389000+00:00,price_change,0.37,BUY,5.1,0.41,0.44
2025-12-08T04:31:03.391000+00:00,price_change,0.38,BUY,2088.4,0.41,0.44
2025-12-08T04:32:04.310000+00:00,price_change,0.12,BUY,2500,0.41,0.44
2025-12-08T04:32:10.237000+00:00,price_change,0.48,SELL,49.99,0.41,0.44
2025-12-08T04:32:10.459000+00:00,price_change,0.47,SELL,241.23,0.41,0.44
2025-12-08T04:32:10.942000+00:00,price_change,0.47,SELL,221.23,0.41,0.44
2025-12-08T04:32:11.051000+00:00,price_change,0.47,SELL,241.23,0.41,0.44
2025-12-08T04:32:11.596000+00:00,price_change,0.47,SELL,221.23,0.41,0.44
2025-12-08T04:32:11.652000+00:00,price_change,0.47,SELL,241.23,0.41,0.44
2025-12-08T04:32:12.145000+00:00,price_change,0.47,SELL,221.23,0.41,0.44
2025-12-08T04:32:12.254000+00:00,price_change,0.47,SELL,241.23,0.41,0.44
2025-12-08T04:32:12.255000+00:00,price_change,0.84,SELL,1880.97,0.41,0.44
2025-12-08T04:32:12.829000+00:00,price_change,0.47,SELL,221.23,0.41,0.44
2025-12-08T04:32:12.997000+00:00,price_change,0.47,SELL,241.23,0.41,0.44
2025-12-08T04:32:13.039000+00:00,price_change,0.44,SELL,1873.49,0.41,0.44
2025-12-08T04:32:13.225000+00:00,price_change,0.38,BUY,2064.4,0.41,0.44
2025-12-08T04:32:13.226000+00:00,price_change,0.37,BUY,271.1,0.41,0.44
2025-12-08T04:32:13.481000+00:00,price_change,0.47,SELL,221.23,0.41,0.44
2025-12-08T04:32:13.597000+00:00,price_change,0.47,SELL,241.23,0.41,0.44
2025-12-08T04:32:14.146000+00:00,price_change,0.47,SELL,221.23,0.41,0.44
2025-12-08T04:32:14.198000+00:00,price_change,0.47,SELL,241.23,0.41,0.44
2025-12-08T04:32:14.675000+00:00,price_change,0.47,SELL,221.23,0.41,0.44
2025-12-08T04:32:14.799000+00:00,price_change,0.47,SELL,241.23,0.41,0.44
2025-12-08T04:32:15.336000+00:00,price_change,0.47,SELL,221.23,0.41,0.44
2025-12-08T04:32:15.556000+00:00,price_change,0.47,SELL,241.23,0.41,0.44
2025-12-08T04:32:16.032000+00:00,price_change,0.47,SELL,221.23,0.41,0.44
2025-12-08T04:32:16.314000+00:00,price_change,0.47,SELL,241.23,0.41,0.44
2025-12-08T04:32:16.869000+00:00,price_change,0.47,SELL,221.23,0.41,0.44
2025-12-08T04:32:17.073000+00:00,price_change,0.47,SELL,241.23,0.41,0.44
2025-12-08T04:32:17.549000+00:00,price_change,0.47,SELL,221.23,0.41,0.44
2025-12-08T04:32:17.652000+00:00,price_change,0.47,SELL,241.23,0.41,0.44
2025-12-08T04:32:18.230000+00:00,price_change,0.47,SELL,221.23,0.41,0.44
2025-12-08T04:32:18.407000+00:00,price_change,0.47,SELL,241.23,0.41,0.44
2025-12-08T04:32:18.910000+00:00,price_change,0.47,SELL,221.23,0.41,0.44
2025-12-08T04:32:19.152000+00:00,price_change,0.47,SELL,241.23,0.41,0.44
2025-12-08T04:32:19.591000+00:00,price_change,0.47,SELL,221.23,0.41,0.44
2025-12-08T04:32:19.752000+00:00,price_change,0.47,SELL,241.23,0.41,0.44
2025-12-08T04:32:20.271000+00:00,price_change,0.47,SELL,221.23,0.41,0.44
2025-12-08T04:32:20.355000+00:00,price_change,0.47,SELL,241.23,0.41,0.44
2025-12-08T04:32:20.953000+00:00,price_change,0.47,SELL,221.23,0.41,0.44
2025-12-08T04:32:21.107000+00:00,price_change,0.47,SELL,241.23,0.41,0.44
2025-12-08T04:32:21.634000+00:00,price_change,0.47,SELL,221.23,0.41,0.44
2025-12-08T04:32:21.703000+00:00,price_change,0.47,SELL,241.23,0.41,0.44
2025-12-08T04:32:22.142000+00:00,price_change,0.47,SELL,221.23,0.41,0.44
2025-12-08T04:32:22.314000+00:00,price_change,0.47,SELL,241.23,0.41,0.44
2025-12-08T04:32:22.822000+00:00,price_change,0.47,SELL,221.23,0.41,0.44
2025-12-08T04:32:22.905000+00:00,price_change,0.47,SELL,241.23,0.41,0.44
2025-12-08T04:32:23.534000+00:00,price_change,0.47,SELL,221.23,0.41,0.44
2025-12-08T04:32:23.654000+00:00,price_change,0.47,SELL,241.23,0.41,0.44
2025-12-08T04:32:24.192000+00:00,price_change,0.47,SELL,221.23,0.41,0.44
2025-12-08T04:32:24.259000+00:00,price_change,0.47,SELL,241.23,0.41,0.44
2025-12-08T04:32:24.694000+00:00,price_change,0.47,SELL,221.23,0.41,0.44
2025-12-08T04:32:25.009000+00:00,price_change,0.47,SELL,241.23,0.41,0.44
2025-12-08T04:32:25.545000+00:00,price_change,0.47,SELL,221.23,0.41,0.44
2025-12-08T04:32:25.546000+00:00,price_change,0.48,SELL,29.99,0.41,0.44
2025-12-08T04:32:25.612000+00:00,price_change,0.47,SELL,241.23,0.41,0.44
2025-12-08T04:32:26.092000+00:00,price_change,0.47,SELL,221.23,0.41,0.44
2025-12-08T04:32:26.209000+00:00,price_change,0.47,SELL,241.23,0.41,0.44
2025-12-08T04:32:26.744000+00:00,price_change,0.47,SELL,221.23,0.41,0.44
2025-12-08T04:32:26.812000+00:00,price_change,0.47,SELL,241.23,0.41,0.44
2025-12-08T04:32:27.247000+00:00,price_change,0.47,SELL,221.23,0.41,0.44
2025-12-08T04:32:27.410000+00:00,price_change,0.47,SELL,241.23,0.41,0.44
2025-12-08T04:32:27.929000+00:00,price_change,0.47,SELL,221.23,0.41,0.44
2025-12-08T04:32:28.013000+00:00,price_change,0.47,SELL,241.23,0.41,0.44
2025-12-08T04:32:28.613000+00:00,price_change,0.47,SELL,221.23,0.41,0.44
2025-12-08T04:32:28.762000+00:00,price_change,0.47,SELL,241.23,0.41,0.44
2025-12-08T04:32:29.288000+00:00,price_change,0.47,SELL,221.23,0.41,0.44
2025-12-08T04:32:29.366000+00:00,price_change,0.47,SELL,241.23,0.41,0.44
2025-12-08T04:32:29.801000+00:00,price_change,0.47,SELL,221.23,0.41,0.44
2025-12-08T04:32:29.970000+00:00,price_change,0.47,SELL,241.23,0.41,0.44
2025-12-08T04:32:30.481000+00:00,price_change,0.47,SELL,221.23,0.41,0.44
2025-12-08T04:32:30.569000+00:00,price_change,0.47,SELL,241.23,0.41,0.44
2025-12-08T04:32:31.165000+00:00,price_change,0.47,SELL,221.23,0.41,0.44
2025-12-08T04:32:33.002000+00:00,price_change,0.44,SELL,1800.29,0.41,0.44
2025-12-08T04:32:33.121000+00:00,price_change,0.47,SELL,241.23,0.41,0.44
2025-12-08T04:32:33.471000+00:00,price_change,0.37,BUY,5.1,0.41,0.44
2025-12-08T04:32:33.472000+00:00,price_change,0.38,BUY,2088.4,0.41,0.44
2025-12-08T04:32:33.714000+00:00,price_change,0.47,SELL,221.23,0.41,0.44
2025-12-08T04:32:33.868000+00:00,price_change,0.47,SELL,241.23,0.41,0.44
2025-12-08T04:32:34.392000+00:00,price_change,0.47,SELL,221.23,0.41,0.44
2025-12-08T04:32:34.471000+00:00,price_change,0.47,SELL,241.23,0.41,0.44
2025-12-08T04:32:34.902000+00:00,price_change,0.47,SELL,221.23,0.41,0.44
2025-12-08T04:32:35.074000+00:00,price_change,0.47,SELL,241.23,0.41,0.44
2025-12-08T04:32:35.583000+00:00,price_change,0.47,SELL,221.23,0.41,0.44
2025-12-08T04:32:35.672000+00:00,price_change,0.47,SELL,241.23,0.41,0.44
2025-12-08T04:32:35.979000+00:00,price_change,0.49,SELL,320,0.41,0.44
2025-12-08T04:32:36.098000+00:00,price_change,0.47,SELL,221.23,0.41,0.44
2025-12-08T04:32:36.301000+00:00,price_change,0.47,SELL,241.23,0.41,0.44
2025-12-08T04:32:36.776000+00:00,price_change,0.47,SELL,221.23,0.41,0.44
2025-12-08T04:32:36.911000+00:00,price_change,0.47,SELL,241.23,0.41,0.44
2025-12-08T04:32:37.456000+00:00,price_change,0.47,SELL,221.23,0.41,0.44
2025-12-08T04:32:37.630000+00:00,price_change,0.47,SELL,241.23,0.41,0.44
2025-12-08T04:32:38.137000+00:00,price_change,0.47,SELL,221.23,0.41,0.44
2025-12-08T04:32:38.378000+00:00,price_change,0.47,SELL,241.23,0.41,0.44
2025-12-08T04:32:38.816000+00:00,price_change,0.47,SELL,221.23,0.41,0.44
2025-12-08T04:32:38.977000+00:00,price_change,0.47,SELL,241.23,0.41,0.44
2025-12-08T04:32:39.498000+00:00,price_change,0.47,SELL,221.23,0.41,0.44
2025-12-08T04:32:39.727000+00:00,price_change,0.47,SELL,241.23,0.41,0.44
2025-12-08T04:32:40.210000+00:00,price_change,0.47,SELL,221.23,0.41,0.44
2025-12-08T04:32:40.326000+00:00,price_change,0.47,SELL,241.23,0.41,0.44
2025-12-08T04:32:40.858000+00:00,price_change,0.47,SELL,221.23,0.41,0.44
2025-12-08T04:32:40.927000+00:00,price_change,0.47,SELL,241.23,0.41,0.44
2025-12-08T04:32:41.369000+00:00,price_change,0.47,SELL,221.23,0.41,0.44
2025-12-08T04:32:41.534000+00:00,price_change,0.47,SELL,241.23,0.41,0.44
2025-12-08T04:32:42.051000+00:00,price_change,0.47,SELL,221.23,0.41,0.44
2025-12-08T04:32:42.129000+00:00,price_change,0.47,SELL,241.23,0.41,0.44
2025-12-08T04:32:42.767000+00:00,price_change,0.47,SELL,221.23,0.41,0.44
2025-12-08T04:32:42.879000+00:00,price_change,0.47,SELL,241.23,0.41,0.44
2025-12-08T04:32:43.409000+00:00,price_change,0.47,SELL,221.23,0.41,0.44
2025-12-08T04:32:43.630000+00:00,price_change,0.47,SELL,241.23,0.41,0.44
2025-12-08T04:32:44.116000+00:00,price_change,0.47,SELL,221.23,0.41,0.44
2025-12-08T04:32:44.229000+00:00,price_change,0.47,SELL,241.23,0.41,0.44
2025-12-08T04:32:44.770000+00:00,price_change,0.47,SELL,221.23,0.41,0.44
2025-12-08T04:32:44.981000+00:00,price_change,0.47,SELL,241.23,0.41,0.44
2025-12-08T04:32:45.467000+00:00,price_change,0.47,SELL,221.23,0.41,0.44
2025-12-08T04:32:45.593000+00:00,price_change,0.47,SELL,241.23,0.41,0.44
2025-12-08T04:32:46.133000+00:00,price_change,0.47,SELL,221.23,0.41,0.44
2025-12-08T04:32:46.184000+00:00,price_change,0.47,SELL,241.23,0.41,0.44
2025-12-08T04:32:46.670000+00:00,price_change,0.47,SELL,221.23,0.41,0.44
2025-12-08T04:32:46.785000+00:00,price_change,0.47,SELL,241.23,0.41,0.44
2025-12-08T04:32:47.322000+00:00,price_change,0.47,SELL,221.23,0.41,0.44
2025-12-08T04:32:47.394000+00:00,price_change,0.47,SELL,241.23,0.41,0.44
2025-12-08T04:32:47.836000+00:00,price_change,0.47,SELL,221.23,0.41,0.44
2025-12-08T04:32:47.990000+00:00,price_change,0.47,SELL,241.23,0.41,0.44
2025-12-08T04:32:48.516000+00:00,price_change,0.47,SELL,221.23,0.41,0.44
2025-12-08T04:32:48.591000+00:00,price_change,0.47,SELL,241.23,0.41,0.44
2025-12-08T04:32:49.030000+00:00,price_change,0.47,SELL,221.23,0.41,0.44
2025-12-08T04:32:49.197000+00:00,price_change,0.47,SELL,241.23,0.41,0.44
2025-12-08T04:32:49.706000+00:00,price_change,0.47,SELL,221.23,0.41,0.44
2025-12-08T04:32:49.942000+00:00,price_change,0.47,SELL,241.23,0.41,0.44
2025-12-08T04:32:50.387000+00:00,price_change,0.47,SELL,221.23,0.41,0.44
2025-12-08T04:32:50.545000+00:00,price_change,0.47,SELL,241.23,0.41,0.44
2025-12-08T04:32:51.067000+00:00,price_change,0.47,SELL,221.23,0.41,0.44
2025-12-08T04:32:51.149000+00:00,price_change,0.47,SELL,241.23,0.41,0.44
2025-12-08T04:32:51.579000+00:00,price_change,0.47,SELL,221.23,0.41,0.44
2025-12-08T04:32:51.749000+00:00,price_change,0.47,SELL,241.23,0.41,0.44
2025-12-08T04:32:52.260000+00:00,price_change,0.47,SELL,221.23,0.41,0.44
2025-12-08T04:32:52.348000+00:00,price_change,0.47,SELL,241.23,0.41,0.44
2025-12-08T04:32:52.769000+00:00,price_change,0.47,SELL,221.23,0.41,0.44
2025-12-08T04:32:52.974000+00:00,price_change,0.47,SELL,241.23,0.41,0.44
2025-12-08T04:32:53.451000+00:00,price_change,0.47,SELL,221.23,0.41,0.44
2025-12-08T04:32:53.699000+00:00,price_change,0.47,SELL,241.23,0.41,0.44
2025-12-08T04:32:54.130000+00:00,price_change,0.47,SELL,221.23,0.41,0.44
2025-12-08T04:32:54.301000+00:00,price_change,0.47,SELL,241.23,0.41,0.44
2025-12-08T04:32:54.813000+00:00,price_change,0.47,SELL,221.23,0.41,0.44
2025-12-08T04:32:55.056000+00:00,price_change,0.47,SELL,241.23,0.41,0.44
2025-12-08T04:32:55.493000+00:00,price_change,0.47,SELL,221.23,0.41,0.44
2025-12-08T04:32:55.652000+00:00,price_change,0.47,SELL,241.23,0.41,0.44
2025-12-08T04:32:56.174000+00:00,price_change,0.47,SELL,221.23,0.41,0.44
2025-12-08T04:32:56.252000+00:00,price_change,0.47,SELL,241.23,0.41,0.44
2025-12-08T04:32:56.683000+00:00,price_change,0.47,SELL,221.23,0.41,0.44
2025-12-08T04:32:56.852000+00:00,price_change,0.47,SELL,241.23,0.41,0.44
2025-12-08T04:32:57.364000+00:00,price_change,0.47,SELL,221.23,0.41,0.44
2025-12-08T04:32:57.603000+00:00,price_change,0.47,SELL,241.23,0.41,0.44
2025-12-08T04:32:58.044000+00:00,price_change,0.47,SELL,221.23,0.41,0.44
2025-12-08T04:32:58.202000+00:00,price_change,0.47,SELL,241.23,0.41,0.44
2025-12-08T04:32:58.726000+00:00,price_change,0.47,SELL,221.23,0.41,0.44
2025-12-08T04:32:58.803000+00:00,price_change,0.47,SELL,241.23,0.41,0.44
2025-12-08T04:32:59.235000+00:00,price_change,0.47,SELL,221.23,0.41,0.44
2025-12-08T04:32:59.406000+00:00,price_change,0.47,SELL,241.23,0.41,0.44
2025-12-08T04:32:59.919000+00:00,price_change,0.47,SELL,221.23,0.41,0.44
2025-12-08T04:33:00.007000+00:00,price_change,0.47,SELL,241.23,0.41,0.44
2025-12-08T04:33:00.427000+00:00,price_change,0.47,SELL,221.23,0.41,0.44
2025-12-08T04:33:00.756000+00:00,price_change,0.47,SELL,241.23,0.41,0.44
2025-12-08T04:33:01.276000+00:00,price_change,0.47,SELL,221.23,0.41,0.44
2025-12-08T04:33:01.356000+00:00,price_change,0.47,SELL,241.23,0.41,0.44
2025-12-08T04:33:01.786000+00:00,price_change,0.47,SELL,221.23,0.41,0.44
2025-12-08T04:33:02.256000+00:00,price_change,0.47,SELL,241.23,0.41,0.44
2025-12-08T04:33:02.809000+00:00,price_change,0.47,SELL,221.23,0.41,0.44
2025-12-08T04:33:02.858000+00:00,price_change,0.47,SELL,241.23,0.41,0.44
2025-12-08T04:33:03.337000+00:00,price_change,0.47,SELL,221.23,0.41,0.44
2025-12-08T04:33:03.463000+00:00,price_change,0.47,SELL,241.23,0.41,0.44
2025-12-08T04:33:04.001000+00:00,price_change,0.47,SELL,221.23,0.41,0.44
2025-12-08T04:33:04.061000+00:00,price_change,0.47,SELL,241.23,0.41,0.44
2025-12-08T04:33:04.540000+00:00,price_change,0.47,SELL,221.23,0.41,0.44
2025-12-08T04:33:04.658000+00:00,price_change,0.47,SELL,241.23,0.41,0.44
2025-12-08T04:33:05.192000+00:00,price_change,0.47,SELL,221.23,0.41,0.44
2025-12-08T04:33:05.260000+00:00,price_change,0.47,SELL,241.23,0.41,0.44
2025-12-08T04:33:05.702000+00:00,price_change,0.47,SELL,221.23,0.41,0.44
2025-12-08T04:33:05.870000+00:00,price_change,0.47,SELL,241.23,0.41,0.44
2025-12-08T04:33:06.383000+00:00,price_change,0.47,SELL,221.23,0.41,0.44
2025-12-08T04:33:06.461000+00:00,price_change,0.47,SELL,241.23,0.41,0.44
2025-12-08T04:33:06.892000+00:00,price_change,0.47,SELL,221.23,0.41,0.44
2025-12-08T04:33:07.059000+00:00,price_change,0.47,SELL,241.23,0.41,0.44
2025-12-08T04:33:07.573000+00:00,price_change,0.47,SELL,221.23,0.41,0.44
2025-12-08T04:33:07.810000+00:00,price_change,0.47,SELL,241.23,0.41,0.44
2025-12-08T04:33:08.259000+00:00,price_change,0.47,SELL,221.23,0.41,0.44
2025-12-08T04:33:08.413000+00:00,price_change,0.47,SELL,241.23,0.41,0.44
2025-12-08T04:33:08.937000+00:00,price_change,0.47,SELL,221.23,0.41,0.44
2025-12-08T04:33:09.164000+00:00,price_change,0.47,SELL,241.23,0.41,0.44
2025-12-08T04:33:09.648000+00:00,price_change,0.47,SELL,221.23,0.41,0.44
2025-12-08T04:33:09.767000+00:00,price_change,0.47,SELL,241.23,0.41,0.44
2025-12-08T04:33:10.302000+00:00,price_change,0.47,SELL,221.23,0.41,0.44
2025-12-08T04:33:10.367000+00:00,price_change,0.47,SELL,241.23,0.41,0.44
2025-12-08T04:33:10.807000+00:00,price_change,0.47,SELL,221.23,0.41,0.44
2025-12-08T04:33:10.966000+00:00,price_change,0.47,SELL,241.23,0.41,0.44
2025-12-08T04:33:11.492000+00:00,price_change,0.47,SELL,221.23,0.41,0.44
2025-12-08T04:33:11.718000+00:00,price_change,0.47,SELL,241.23,0.41,0.44
2025-12-08T04:33:12.217000+00:00,price_change,0.47,SELL,221.23,0.41,0.44
2025-12-08T04:33:12.319000+00:00,price_change,0.47,SELL,241.23,0.41,0.44
2025-12-08T04:33:12.850000+00:00,price_change,0.47,SELL,221.23,0.41,0.44
2025-12-08T04:33:13.080000+00:00,price_change,0.47,SELL,241.23,0.41,0.44
2025-12-08T04:33:13.573000+00:00,price_change,0.47,SELL,221.23,0.41,0.44
2025-12-08T04:33:13.731000+00:00,price_change,0.47,SELL,241.23,0.41,0.44
2025-12-08T04:33:14.236000+00:00,price_change,0.47,SELL,221.23,0.41,0.44
2025-12-08T04:33:14.444000+00:00,price_change,0.47,SELL,241.23,0.41,0.44
2025-12-08T04:33:14.917000+00:00,price_change,0.47,SELL,221.23,0.41,0.44
2025-12-08T04:33:15.021000+00:00,price_change,0.47,SELL,241.23,0.41,0.44
2025-12-08T04:33:15.599000+00:00,price_change,0.47,SELL,221.23,0.41,0.44
2025-12-08T04:33:15.803000+00:00,price_change,0.47,SELL,241.23,0.41,0.44
2025-12-08T04:33:16.279000+00:00,price_change,0.47,SELL,221.23,0.41,0.44
2025-12-08T04:33:16.675000+00:00,price_change,0.47,SELL,241.23,0.41,0.44
2025-12-08T04:33:17.159000+00:00,price_change,0.47,SELL,221.23,0.41,0.44
2025-12-08T04:33:17.274000+00:00,price_change,0.47,SELL,241.23,0.41,0.44
2025-12-08T04:33:17.809000+00:00,price_change,0.47,SELL,221.23,0.41,0.44
2025-12-08T04:33:18.026000+00:00,price_change,0.47,SELL,241.23,0.41,0.44
2025-12-08T04:33:18.512000+00:00,price_change,0.47,SELL,221.23,0.41,0.44
2025-12-08T04:33:18.635000+00:00,price_change,0.47,SELL,241.23,0.41,0.44
2025-12-08T04:33:19.171000+00:00,price_change,0.47,SELL,221.23,0.41,0.44
2025-12-08T04:33:19.379000+00:00,price_change,0.47,SELL,241.23,0.41,0.44
2025-12-08T04:33:19.860000+00:00,price_change,0.47,SELL,221.23,0.41,0.44
2025-12-08T04:33:19.977000+00:00,price_change,0.47,SELL,241.23,0.41,0.44
2025-12-08T04:33:20.532000+00:00,price_change,0.47,SELL,221.23,0.41,0.44
2025-12-08T04:33:20.739000+00:00,price_change,0.47,SELL,241.23,0.41,0.44
2025-12-08T04:33:21.216000+00:00,price_change,0.47,SELL,221.23,0.41,0.44
2025-12-08T04:33:21.332000+00:00,price_change,0.47,SELL,241.23,0.41,0.44
2025-12-08T04:33:21.895000+00:00,price_change,0.47,SELL,221.23,0.41,0.44
2025-12-08T04:33:22.104000+00:00,price_change,0.47,SELL,241.23,0.41,0.44
2025-12-08T04:33:22.575000+00:00,price_change,0.47,SELL,221.23,0.41,0.44
2025-12-08T04:33:22.836000+00:00,price_change,0.47,SELL,241.23,0.41,0.44
2025-12-08T04:33:23.426000+00:00,price_change,0.47,SELL,221.23,0.41,0.44
2025-12-08T04:33:23.585000+00:00,price_change,0.47,SELL,241.23,0.41,0.44
2025-12-08T04:33:24.108000+00:00,price_change,0.47,SELL,221.23,0.41,0.44
2025-12-08T04:33:24.186000+00:00,price_change,0.47,SELL,241.23,0.41,0.44
2025-12-08T04:33:24.619000+00:00,price_change,0.47,SELL,221.23,0.41,0.44
2025-12-08T04:33:24.788000+00:00,price_change,0.47,SELL,241.23,0.41,0.44
2025-12-08T04:33:25.301000+00:00,price_change,0.47,SELL,221.23,0.41,0.44
2025-12-08T04:33:25.536000+00:00,price_change,0.47,SELL,241.23,0.41,0.44
2025-12-08T04:33:25.977000+00:00,price_change,0.47,SELL,221.23,0.41,0.44
2025-12-08T04:33:26.139000+00:00,price_change,0.47,SELL,241.23,0.41,0.44
2025-12-08T04:33:26.663000+00:00,price_change,0.47,SELL,221.23,0.41,0.44
2025-12-08T04:33:27.039000+00:00,price_change,0.47,SELL,241.23,0.41,0.44
2025-12-08T04:33:27.525000+00:00,price_change,0.47,SELL,221.23,0.41,0.44
2025-12-08T04:33:27.639000+00:00,price_change,0.47,SELL,241.23,0.41,0.44
2025-12-08T04:33:28.207000+00:00,price_change,0.47,SELL,221.23,0.41,0.44
2025-12-08T04:33:28.413000+00:00,price_change,0.47,SELL,241.23,0.41,0.44
2025-12-08T04:33:28.890000+00:00,price_change,0.47,SELL,221.23,0.41,0.44
2025-12-08T04:33:28.992000+00:00,price_change,0.47,SELL,241.23,0.41,0.44
2025-12-08T04:33:29.567000+00:00,price_change,0.47,SELL,221.23,0.41,0.44
2025-12-08T04:33:29.776000+00:00,price_change,0.47,SELL,241.23,0.41,0.44
2025-12-08T04:33:30.251000+00:00,price_change,0.47,SELL,221.23,0.41,0.44
2025-12-08T04:33:30.343000+00:00,price_change,0.47,SELL,241.23,0.41,0.44
2025-12-08T04:33:30.932000+00:00,price_change,0.47,SELL,221.23,0.41,0.44
2025-12-08T04:33:31.098000+00:00,price_change,0.47,SELL,241.23,0.41,0.44
2025-12-08T04:33:31.611000+00:00,price_change,0.47,SELL,221.23,0.41,0.44
2025-12-08T04:33:31.699000+00:00,price_change,0.47,SELL,241.23,0.41,0.44
2025-12-08T04:33:32.123000+00:00,price_change,0.47,SELL,221.23,0.41,0.44
2025-12-08T04:33:32.304000+00:00,price_change,0.47,SELL,241.23,0.41,0.44
2025-12-08T04:33:32.802000+00:00,price_change,0.47,SELL,221.23,0.41,0.44
2025-12-08T04:33:32.897000+00:00,price_change,0.47,SELL,241.23,0.41,0.44
2025-12-08T04:33:33.485000+00:00,price_change,0.47,SELL,221.23,0.41,0.44
2025-12-08T04:33:33.658000+00:00,price_change,0.47,SELL,241.23,0.41,0.44
2025-12-08T04:33:34.001000+00:00,price_change,0.46,SELL,0,0.41,0.44
2025-12-08T04:33:34.164000+00:00,price_change,0.47,SELL,221.23,0.41,0.44
2025-12-08T04:33:34.251000+00:00,price_change,0.47,SELL,241.23,0.41,0.44
2025-12-08T04:33:34.675000+00:00,price_change,0.47,SELL,221.23,0.41,0.44
2025-12-08T04:33:34.881000+00:00,price_change,0.47,SELL,241.23,0.41,0.44
2025-12-08T04:33:35.007000+00:00,price_change,0.46,SELL,10,0.41,0.44
2025-12-08T04:33:35.357000+00:00,price_change,0.47,SELL,221.23,0.41,0.44
2025-12-08T04:33:35.602000+00:00,price_change,0.47,SELL,241.23,0.41,0.44
2025-12-08T04:33:36.043000+00:00,price_change,0.47,SELL,221.23,0.41,0.44
2025-12-08T04:33:36.206000+00:00,price_change,0.47,SELL,241.23,0.41,0.44
2025-12-08T04:33:36.718000+00:00,price_change,0.47,SELL,221.23,0.41,0.44
2025-12-08T04:33:36.806000+00:00,price_change,0.47,SELL,241.23,0.41,0.44
2025-12-08T04:33:37.399000+00:00,price_change,0.47,SELL,221.23,0.41,0.44
2025-12-08T04:33:37.552000+00:00,price_change,0.47,SELL,241.23,0.41,0.44
2025-12-08T04:33:38.054000+00:00,price_change,0.84,SELL,1874,0.41,0.44
2025-12-08T04:33:38.079000+00:00,price_change,0.47,SELL,221.23,0.41,0.44
2025-12-08T04:33:38.155000+00:00,price_change,0.47,SELL,241.23,0.41,0.44
2025-12-08T04:33:38.608000+00:00,price_change,0.83,SELL,6.28,0.41,0.44
2025-12-08T04:33:38.635000+00:00,price_change,0.47,SELL,221.23,0.41,0.44
2025-12-08T04:33:38.911000+00:00,price_change,0.47,SELL,241.23,0.41,0.44
2025-12-08T04:33:39.443000+00:00,price_change,0.47,SELL,221.23,0.41,0.44
2025-12-08T04:33:39.503000+00:00,price_change,0.47,SELL,241.23,0.41,0.44
2025-12-08T04:33:39.951000+00:00,price_change,0.47,SELL,221.23,0.41,0.44
2025-12-08T04:33:40.106000+00:00,price_change,0.47,SELL,241.23,0.41,0.44
2025-12-08T04:33:40.635000+00:00,price_change,0.47,SELL,221.23,0.41,0.44
2025-12-08T04:33:40.708000+00:00,price_change,0.47,SELL,241.23,0.41,0.44
2025-12-08T04:33:41.143000+00:00,price_change,0.47,SELL,221.23,0.41,0.44
2025-12-08T04:33:41.312000+00:00,price_change,0.47,SELL,241.23,0.41,0.44
2025-12-08T04:33:41.824000+00:00,price_change,0.47,SELL,221.23,0.41,0.44
2025-12-08T04:33:41.914000+00:00,price_change,0.47,SELL,241.23,0.41,0.44
2025-12-08T04:33:42.507000+00:00,price_change,0.47,SELL,221.23,0.41,0.44
2025-12-08T04:33:42.663000+00:00,price_change,0.47,SELL,241.23,0.41,0.44
2025-12-08T04:33:43.008000+00:00,price_change,0.44,SELL,1873.49,0.41,0.44
2025-12-08T04:33:43.193000+00:00,price_change,0.47,SELL,221.23,0.41,0.44
2025-12-08T04:33:43.264000+00:00,price_change,0.47,SELL,241.23,0.41,0.44
2025-12-08T04:33:43.700000+00:00,price_change,0.47,SELL,221.23,0.41,0.44
2025-12-08T04:33:43.862000+00:00,price_change,0.47,SELL,241.23,0.41,0.44
2025-12-08T04:33:44.379000+00:00,price_change,0.47,SELL,221.23,0.41,0.44
2025-12-08T04:34:03.001000+00:00,price_change,0.44,SELL,1800.29,0.41,0.44
2025-12-08T04:34:03.089000+00:00,price_change,0.47,SELL,241.23,0.41,0.44
2025-12-08T04:34:03.618000+00:00,price_change,0.47,SELL,221.23,0.41,0.44
2025-12-08T04:34:03.692000+00:00,price_change,0.47,SELL,241.23,0.41,0.44
2025-12-08T04:34:04.123000+00:00,price_change,0.47,SELL,221.23,0.41,0.44
2025-12-08T04:34:04.299000+00:00,price_change,0.47,SELL,241.23,0.41,0.44
2025-12-08T04:34:04.805000+00:00,price_change,0.47,SELL,221.23,0.41,0.44
2025-12-08T04:34:04.897000+00:00,price_change,0.47,SELL,241.23,0.41,0.44
2025-12-08T04:34:05.487000+00:00,price_change,0.47,SELL,221.23,0.41,0.44
2025-12-08T04:34:05.655000+00:00,price_change,0.47,SELL,241.23,0.41,0.44
2025-12-08T04:34:06.165000+00:00,price_change,0.47,SELL,221.23,0.41,0.44
2025-12-08T04:34:06.251000+00:00,price_change,0.47,SELL,241.23,0.41,0.44
2025-12-08T04:34:06.678000+00:00,price_change,0.47,SELL,221.23,0.41,0.44
2025-12-08T04:34:06.846000+00:00,price_change,0.47,SELL,241.23,0.41,0.44
2025-12-08T04:34:07.358000+00:00,price_change,0.47,SELL,221.23,0.41,0.44
2025-12-08T04:34:07.462000+00:00,price_change,0.47,SELL,241.23,0.41,0.44
2025-12-08T04:34:08.040000+00:00,price_change,0.47,SELL,221.23,0.41,0.44
2025-12-08T04:34:08.205000+00:00,price_change,0.47,SELL,241.23,0.41,0.44
2025-12-08T04:34:08.720000+00:00,price_change,0.47,SELL,221.23,0.41,0.44
2025-12-08T04:34:08.807000+00:00,price_change,0.47,SELL,241.23,0.41,0.44
2025-12-08T04:34:08.812000+00:00,price_change,0.47,SELL,231.23,0.41,0.44
2025-12-08T04:34:08.812000+00:00,price_change,0.38,BUY,2078.4,0.41,0.44
2025-12-08T04:34:09.232000+00:00,price_change,0.47,SELL,211.23,0.41,0.44
2025-12-08T04:34:09.400000+00:00,price_change,0.47,SELL,231.23,0.41,0.44
2025-12-08T04:34:09.948000+00:00,price_change,0.47,SELL,211.23,0.41,0.44
2025-12-08T04:34:10.152000+00:00,price_change,0.47,SELL,231.23,0.41,0.44
2025-12-08T04:34:10.593000+00:00,price_change,0.47,SELL,211.23,0.41,0.44
2025-12-08T04:34:10.763000+00:00,price_change,0.47,SELL,231.23,0.41,0.44
2025-12-08T04:34:11.275000+00:00,price_change,0.47,SELL,211.23,0.41,0.44
2025-12-08T04:34:11.354000+00:00,price_change,0.47,SELL,231.23,0.41,0.44
2025-12-08T04:34:11.989000+00:00,price_change,0.47,SELL,211.23,0.41,0.44
2025-12-08T04:34:12.104000+00:00,price_change,0.47,SELL,231.23,0.41,0.44
2025-12-08T04:34:12.632000+00:00,price_change,0.47,SELL,211.23,0.41,0.44
2025-12-08T04:34:12.703000+00:00,price_change,0.47,SELL,231.23,0.41,0.44
2025-12-08T04:34:13.146000+00:00,price_change,0.47,SELL,211.23,0.41,0.44
2025-12-08T04:34:13.307000+00:00,price_change,0.47,SELL,231.23,0.41,0.44
2025-12-08T04:34:13.824000+00:00,price_change,0.47,SELL,211.23,0.41,0.44
2025-12-08T04:34:14.056000+00:00,price_change,0.47,SELL,231.23,0.41,0.44
2025-12-08T04:34:14.538000+00:00,price_change,0.47,SELL,211.23,0.41,0.44
2025-12-08T04:34:14.660000+00:00,price_change,0.47,SELL,231.23,0.41,0.44
2025-12-08T04:34:15.184000+00:00,price_change,0.47,SELL,211.23,0.41,0.44
2025-12-08T04:34:15.258000+00:00,price_change,0.47,SELL,231.23,0.41,0.44
2025-12-08T04:34:15.695000+00:00,price_change,0.47,SELL,211.23,0.41,0.44
2025-12-08T04:34:15.867000+00:00,price_change,0.47,SELL,231.23,0.41,0.44
2025-12-08T04:34:16.379000+00:00,price_change,0.47,SELL,211.23,0.41,0.44
2025-12-08T04:34:16.461000+00:00,price_change,0.47,SELL,231.23,0.41,0.44
2025-12-08T04:34:16.893000+00:00,price_change,0.47,SELL,211.23,0.41,0.44
2025-12-08T04:34:17.514000+00:00,price_change,0.47,SELL,231.23,0.41,0.44
2025-12-08T04:34:18.079000+00:00,price_change,0.47,SELL,211.23,0.41,0.44
2025-12-08T04:34:18.284000+00:00,price_change,0.47,SELL,231.23,0.41,0.44
2025-12-08T04:34:18.759000+00:00,price_change,0.47,SELL,211.23,0.41,0.44
2025-12-08T04:34:18.863000+00:00,price_change,0.47,SELL,231.23,0.41,0.44
2025-12-08T04:34:19.440000+00:00,price_change,0.47,SELL,211.23,0.41,0.44
2025-12-08T04:34:19.651000+00:00,price_change,0.47,SELL,231.23,0.41,0.44
2025-12-08T04:34:20.290000+00:00,price_change,0.47,SELL,211.23,0.41,0.44
2025-12-08T04:34:20.517000+00:00,price_change,0.47,SELL,231.23,0.41,0.44
2025-12-08T04:34:20.994000+00:00,price_change,0.47,SELL,211.23,0.41,0.44
2025-12-08T04:34:21.118000+00:00,price_change,0.47,SELL,231.23,0.41,0.44
2025-12-08T04:34:21.650000+00:00,price_change,0.47,SELL,211.23,0.41,0.44
2025-12-08T04:34:21.716000+00:00,price_change,0.47,SELL,231.23,0.41,0.44
2025-12-08T04:34:22.160000+00:00,price_change,0.47,SELL,211.23,0.41,0.44
2025-12-08T04:34:22.317000+00:00,price_change,0.47,SELL,231.23,0.41,0.44
2025-12-08T04:34:22.845000+00:00,price_change,0.47,SELL,211.23,0.41,0.44
2025-12-08T04:34:22.918000+00:00,price_change,0.47,SELL,231.23,0.41,0.44
2025-12-08T04:34:23.351000+00:00,price_change,0.47,SELL,211.23,0.41,0.44
2025-12-08T04:34:23.519000+00:00,price_change,0.47,SELL,231.23,0.41,0.44
2025-12-08T04:34:24.032000+00:00,price_change,0.47,SELL,211.23,0.41,0.44
2025-12-08T04:34:24.419000+00:00,price_change,0.47,SELL,231.23,0.41,0.44
2025-12-08T04:34:24.897000+00:00,price_change,0.47,SELL,211.23,0.41,0.44
2025-12-08T04:34:25.471000+00:00,price_change,0.47,SELL,231.23,0.41,0.44
2025-12-08T04:34:25.906000+00:00,price_change,0.47,SELL,211.23,0.41,0.44
2025-12-08T04:34:26.517000+00:00,price_change,0.47,SELL,231.23,0.41,0.44
2025-12-08T04:34:27.097000+00:00,price_change,0.47,SELL,211.23,0.41,0.44
2025-12-08T04:34:27.301000+00:00,price_change,0.47,SELL,231.23,0.41,0.44
2025-12-08T04:34:27.777000+00:00,price_change,0.47,SELL,211.23,0.41,0.44
2025-12-08T04:34:27.871000+00:00,price_change,0.47,SELL,231.23,0.41,0.44
2025-12-08T04:34:28.459000+00:00,price_change,0.47,SELL,211.23,0.41,0.44
2025-12-08T04:34:28.623000+00:00,price_change,0.47,SELL,231.23,0.41,0.44
2025-12-08T04:34:29.138000+00:00,price_change,0.47,SELL,211.23,0.41,0.44
2025-12-08T04:34:29.222000+00:00,price_change,0.47,SELL,231.23,0.41,0.44
2025-12-08T04:34:29.650000+00:00,price_change,0.47,SELL,211.23,0.41,0.44
2025-12-08T04:34:29.869000+00:00,price_change,0.47,SELL,231.23,0.41,0.44
2025-12-08T04:34:30.334000+00:00,price_change,0.47,SELL,211.23,0.41,0.44
2025-12-08T04:34:30.425000+00:00,price_change,0.47,SELL,231.23,0.41,0.44
2025-12-08T04:34:31.011000+00:00,price_change,0.47,SELL,211.23,0.41,0.44
2025-12-08T04:34:31.178000+00:00,price_change,0.47,SELL,231.23,0.41,0.44
2025-12-08T04:34:31.692000+00:00,price_change,0.47,SELL,211.23,0.41,0.44
2025-12-08T04:34:31.778000+00:00,price_change,0.47,SELL,231.23,0.41,0.44
2025-12-08T04:34:32.200000+00:00,price_change,0.47,SELL,211.23,0.41,0.44
2025-12-08T04:34:32.410000+00:00,price_change,0.47,SELL,231.23,0.41,0.44
2025-12-08T04:34:32.881000+00:00,price_change,0.47,SELL,211.23,0.41,0.44
2025-12-08T04:34:32.983000+00:00,price_change,0.47,SELL,231.23,0.41,0.44
2025-12-08T04:34:33.561000+00:00,price_change,0.47,SELL,211.23,0.41,0.44
2025-12-08T04:34:33.733000+00:00,price_change,0.47,SELL,231.23,0.41,0.44
2025-12-08T04:34:34.241000+00:00,price_change,0.47,SELL,211.23,0.41,0.44
2025-12-08T04:34:34.628000+00:00,price_change,0.47,SELL,231.23,0.41,0.44
2025-12-08T04:34:35.125000+00:00,price_change,0.47,SELL,211.23,0.41,0.44
2025-12-08T04:34:35.234000+00:00,price_change,0.47,SELL,231.23,0.41,0.44
2025-12-08T04:34:35.775000+00:00,price_change,0.47,SELL,211.23,0.41,0.44
2025-12-08T04:34:35.834000+00:00,price_change,0.47,SELL,231.23,0.41,0.44
2025-12-08T04:34:36.331000+00:00,price_change,0.47,SELL,211.23,0.41,0.44
2025-12-08T04:34:36.435000+00:00,price_change,0.47,SELL,231.23,0.41,0.44
2025-12-08T04:34:36.967000+00:00,price_change,0.47,SELL,211.23,0.41,0.44
2025-12-08T04:34:37.037000+00:00,price_change,0.47,SELL,231.23,0.41,0.44
2025-12-08T04:34:37.476000+00:00,price_change,0.47,SELL,211.23,0.41,0.44
2025-12-08T04:34:37.642000+00:00,price_change,0.47,SELL,231.23,0.41,0.44
2025-12-08T04:34:38.156000+00:00,price_change,0.47,SELL,211.23,0.41,0.44
2025-12-08T04:34:38.241000+00:00,price_change,0.47,SELL,231.23,0.41,0.44
2025-12-08T04:34:38.872000+00:00,price_change,0.47,SELL,211.23,0.41,0.44
2025-12-08T04:34:38.995000+00:00,price_change,0.47,SELL,231.23,0.41,0.44
2025-12-08T04:34:39.520000+00:00,price_change,0.47,SELL,211.23,0.41,0.44
2025-12-08T04:34:39.593000+00:00,price_change,0.47,SELL,231.23,0.41,0.44
2025-12-08T04:34:39.877000+00:00,price_change,0.38,BUY,2054.4,0.41,0.44
2025-12-08T04:34:39.880000+00:00,price_change,0.37,BUY,270.1,0.41,0.44
2025-12-08T04:34:40.031000+00:00,price_change,0.47,SELL,211.23,0.41,0.44
2025-12-08T04:34:40.070000+00:00,price_change,0.37,BUY,5.1,0.41,0.44
2025-12-08T04:34:40.072000+00:00,price_change,0.37,BUY,173.1,0.41,0.44
2025-12-08T04:34:40.203000+00:00,price_change,0.47,SELL,231.23,0.41,0.44
2025-12-08T04:34:40.711000+00:00,price_change,0.47,SELL,211.23,0.41,0.44
2025-12-08T04:34:40.799000+00:00,price_change,0.47,SELL,231.23,0.41,0.44
2025-12-08T04:34:41.220000+00:00,price_change,0.47,SELL,211.23,0.41,0.44
2025-12-08T04:34:41.703000+00:00,price_change,0.47,SELL,231.23,0.41,0.44
2025-12-08T04:34:42.241000+00:00,price_change,0.47,SELL,211.23,0.41,0.44
2025-12-08T04:34:42.294000+00:00,price_change,0.47,SELL,231.23,0.41,0.44
2025-12-08T04:34:42.796000+00:00,price_change,0.47,SELL,211.23,0.41,0.44
2025-12-08T04:34:43.051000+00:00,price_change,0.47,SELL,231.23,0.41,0.44
2025-12-08T04:34:43.610000+00:00,price_change,0.47,SELL,211.23,0.41,0.44
2025-12-08T04:34:43.819000+00:00,price_change,0.47,SELL,231.23,0.41,0.44
2025-12-08T04:34:44.290000+00:00,price_change,0.47,SELL,211.23,0.41,0.44
2025-12-08T04:34:44.402000+00:00,price_change,0.47,SELL,231.23,0.41,0.44
2025-12-08T04:34:44.967000+00:00,price_change,0.47,SELL,211.23,0.41,0.44
2025-12-08T04:34:45.179000+00:00,price_change,0.47,SELL,231.23,0.41,0.44
2025-12-08T04:34:45.646000+00:00,price_change,0.47,SELL,211.23,0.41,0.44
2025-12-08T04:34:45.751000+00:00,price_change,0.47,SELL,231.23,0.41,0.44
2025-12-08T04:34:46.328000+00:00,price_change,0.47,SELL,211.23,0.41,0.44
2025-12-08T04:34:46.504000+00:00,price_change,0.47,SELL,231.23,0.41,0.44
2025-12-08T04:34:47.008000+00:00,price_change,0.47,SELL,211.23,0.41,0.44
2025-12-08T04:34:47.098000+00:00,price_change,0.47,SELL,231.23,0.41,0.44
2025-12-08T04:34:47.689000+00:00,price_change,0.47,SELL,211.23,0.41,0.44
2025-12-08T04:34:47.853000+00:00,price_change,0.47,SELL,231.23,0.41,0.44
2025-12-08T04:34:48.368000+00:00,price_change,0.47,SELL,211.23,0.41,0.44
2025-12-08T04:34:48.916000+00:00,price_change,0.47,SELL,231.23,0.41,0.44
2025-12-08T04:34:49.391000+00:00,price_change,0.47,SELL,211.23,0.41,0.44
2025-12-08T04:34:49.506000+00:00,price_change,0.47,SELL,231.23,0.41,0.44
2025-12-08T04:34:50.070000+00:00,price_change,0.47,SELL,211.23,0.41,0.44
2025-12-08T04:34:50.280000+00:00,price_change,0.47,SELL,231.23,0.41,0.44
2025-12-08T04:34:50.754000+00:00,price_change,0.47,SELL,211.23,0.41,0.44
2025-12-08T04:34:50.859000+00:00,price_change,0.47,SELL,231.23,0.41,0.44
2025-12-08T04:34:51.431000+00:00,price_change,0.47,SELL,211.23,0.41,0.44
2025-12-08T04:34:51.613000+00:00,price_change,0.47,SELL,231.23,0.41,0.44
2025-12-08T04:34:52.113000+00:00,price_change,0.47,SELL,211.23,0.41,0.44
2025-12-08T04:34:52.207000+00:00,price_change,0.47,SELL,231.23,0.41,0.44
2025-12-08T04:34:52.798000+00:00,price_change,0.47,SELL,211.23,0.41,0.44
2025-12-08T04:34:52.962000+00:00,price_change,0.47,SELL,231.23,0.41,0.44
2025-12-08T04:35:13.017000+00:00,price_change,0.44,SELL,1873.49,0.41,0.44
2025-12-08T04:35:13.221000+00:00,price_change,0.47,SELL,211.23,0.41,0.44
2025-12-08T04:35:13.377000+00:00,price_change,0.47,SELL,231.23,0.41,0.44
2025-12-08T04:35:13.894000+00:00,price_change,0.47,SELL,211.23,0.41,0.44
2025-12-08T04:35:13.984000+00:00,price_change,0.47,SELL,231.23,0.41,0.44
2025-12-08T04:35:14.405000+00:00,price_change,0.47,SELL,211.23,0.41,0.44
2025-12-08T04:35:14.583000+00:00,price_change,0.47,SELL,231.23,0.41,0.44
2025-12-08T04:35:15.087000+00:00,price_change,0.47,SELL,211.23,0.41,0.44
2025-12-08T04:35:15.180000+00:00,price_change,0.47,SELL,231.23,0.41,0.44
2025-12-08T04:35:15.766000+00:00,price_change,0.47,SELL,211.23,0.41,0.44
2025-12-08T04:35:15.938000+00:00,price_change,0.47,SELL,231.23,0.41,0.44
2025-12-08T04:35:16.448000+00:00,price_change,0.47,SELL,211.23,0.41,0.44
2025-12-08T04:35:16.535000+00:00,price_change,0.47,SELL,231.23,0.41,0.44
2025-12-08T04:35:16.957000+00:00,price_change,0.47,SELL,211.23,0.41,0.44
2025-12-08T04:35:17.218000+00:00,price_change,0.47,SELL,231.23,0.41,0.44
2025-12-08T04:35:17.811000+00:00,price_change,0.47,SELL,211.23,0.41,0.44
2025-12-08T04:35:17.892000+00:00,price_change,0.47,SELL,231.23,0.41,0.44
2025-12-08T04:35:18.322000+00:00,price_change,0.47,SELL,211.23,0.41,0.44
2025-12-08T04:35:18.491000+00:00,price_change,0.47,SELL,231.23,0.41,0.44
2025-12-08T04:35:18.999000+00:00,price_change,0.47,SELL,211.23,0.41,0.44
2025-12-08T04:35:19.091000+00:00,price_change,0.47,SELL,231.23,0.41,0.44
2025-12-08T04:35:19.679000+00:00,price_change,0.47,SELL,211.23,0.41,0.44
2025-12-08T04:35:19.842000+00:00,price_change,0.47,SELL,231.23,0.41,0.44
2025-12-08T04:35:20.360000+00:00,price_change,0.47,SELL,211.23,0.41,0.44
2025-12-08T04:35:20.440000+00:00,price_change,0.47,SELL,231.23,0.41,0.44
2025-12-08T04:35:20.890000+00:00,price_change,0.47,SELL,211.23,0.41,0.44
2025-12-08T04:35:21.041000+00:00,price_change,0.47,SELL,231.23,0.41,0.44
2025-12-08T04:35:21.553000+00:00,price_change,0.47,SELL,211.23,0.41,0.44
2025-12-08T04:35:27.501000+00:00,price_change,0.47,SELL,231.23,0.41,0.44
2025-12-08T04:35:28.017000+00:00,price_change,0.47,SELL,211.23,0.41,0.44
2025-12-08T04:35:28.098000+00:00,price_change,0.47,SELL,231.23,0.41,0.44
2025-12-08T04:35:28.528000+00:00,price_change,0.47,SELL,211.23,0.41,0.44
2025-12-08T04:35:28.704000+00:00,price_change,0.47,SELL,231.23,0.41,0.44
2025-12-08T04:35:29.207000+00:00,price_change,0.47,SELL,211.23,0.41,0.44
2025-12-08T04:35:29.307000+00:00,price_change,0.47,SELL,231.23,0.41,0.44
2025-12-08T04:35:29.890000+00:00,price_change,0.47,SELL,211.23,0.41,0.44
2025-12-08T04:35:30.053000+00:00,price_change,0.47,SELL,231.23,0.41,0.44
2025-12-08T04:35:30.570000+00:00,price_change,0.47,SELL,211.23,0.41,0.44
2025-12-08T04:35:30.654000+00:00,price_change,0.47,SELL,231.23,0.41,0.44
2025-12-08T04:35:31.080000+00:00,price_change,0.47,SELL,211.23,0.41,0.44
2025-12-08T04:35:31.256000+00:00,price_change,0.47,SELL,231.23,0.41,0.44
2025-12-08T04:35:31.769000+00:00,price_change,0.47,SELL,211.23,0.41,0.44
2025-12-08T04:35:31.854000+00:00,price_change,0.47,SELL,231.23,0.41,0.44
2025-12-08T04:35:32.441000+00:00,price_change,0.47,SELL,211.23,0.41,0.44
2025-12-08T04:35:32.609000+00:00,price_change,0.47,SELL,231.23,0.41,0.44
2025-12-08T04:35:33.001000+00:00,price_change,0.44,SELL,1800.29,0.41,0.44
2025-12-08T04:35:33.121000+00:00,price_change,0.47,SELL,211.23,0.41,0.44
2025-12-08T04:35:33.212000+00:00,price_change,0.47,SELL,231.23,0.41,0.44
2025-12-08T04:35:33.632000+00:00,price_change,0.47,SELL,211.23,0.41,0.44
2025-12-08T04:35:33.808000+00:00,price_change,0.47,SELL,231.23,0.41,0.44
2025-12-08T04:35:34.312000+00:00,price_change,0.47,SELL,211.23,0.41,0.44
2025-12-08T04:35:34.408000+00:00,price_change,0.47,SELL,231.23,0.41,0.44
2025-12-08T04:35:34.993000+00:00,price_change,0.47,SELL,211.23,0.41,0.44
2025-12-08T04:35:35.157000+00:00,price_change,0.47,SELL,231.23,0.41,0.44
2025-12-08T04:35:35.674000+00:00,price_change,0.47,SELL,211.23,0.41,0.44
2025-12-08T04:35:35.910000+00:00,price_change,0.47,SELL,231.23,0.41,0.44
2025-12-08T04:35:36.357000+00:00,price_change,0.47,SELL,211.23,0.41,0.44
2025-12-08T04:35:36.512000+00:00,price_change,0.47,SELL,231.23,0.41,0.44
2025-12-08T04:35:37.035000+00:00,price_change,0.47,SELL,211.23,0.41,0.44
2025-12-08T04:35:37.107000+00:00,price_change,0.47,SELL,231.23,0.41,0.44
2025-12-08T04:35:37.544000+00:00,price_change,0.47,SELL,211.23,0.41,0.44
2025-12-08T04:35:37.710000+00:00,price_change,0.47,SELL,231.23,0.41,0.44
2025-12-08T04:35:38.224000+00:00,price_change,0.47,SELL,211.23,0.41,0.44
2025-12-08T04:35:38.318000+00:00,price_change,0.47,SELL,231.23,0.41,0.44
2025-12-08T04:35:38.907000+00:00,price_change,0.47,SELL,211.23,0.41,0.44
2025-12-08T04:35:39.063000+00:00,price_change,0.47,SELL,231.23,0.41,0.44
2025-12-08T04:35:39.589000+00:00,price_change,0.47,SELL,211.23,0.41,0.44
2025-12-08T04:35:39.664000+00:00,price_change,0.47,SELL,231.23,0.41,0.44
2025-12-08T04:35:40.097000+00:00,price_change,0.47,SELL,211.23,0.41,0.44
2025-12-08T04:35:40.267000+00:00,price_change,0.47,SELL,231.23,0.41,0.44
2025-12-08T04:35:40.782000+00:00,price_change,0.47,SELL,211.23,0.41,0.44
2025-12-08T04:35:40.865000+00:00,price_change,0.47,SELL,231.23,0.41,0.44
2025-12-08T04:35:41.288000+00:00,price_change,0.47,SELL,211.23,0.41,0.44
2025-12-08T04:35:41.494000+00:00,price_change,0.47,SELL,231.23,0.41,0.44
2025-12-08T04:35:41.969000+00:00,price_change,0.47,SELL,211.23,0.41,0.44
2025-12-08T04:35:42.070000+00:00,price_change,0.47,SELL,231.23,0.41,0.44
2025-12-08T04:35:42.652000+00:00,price_change,0.47,SELL,211.23,0.41,0.44
2025-12-08T04:35:42.969000+00:00,price_change,0.47,SELL,231.23,0.41,0.44
2025-12-08T04:35:43.500000+00:00,price_change,0.47,SELL,211.23,0.41,0.44
2025-12-08T04:35:43.571000+00:00,price_change,0.47,SELL,231.23,0.41,0.44
2025-12-08T04:35:44.013000+00:00,price_change,0.47,SELL,211.23,0.41,0.44
2025-12-08T04:35:48.081000+00:00,price_change,0.47,SELL,231.23,0.41,0.44
2025-12-08T04:35:48.612000+00:00,price_change,0.47,SELL,211.23,0.41,0.44
2025-12-08T04:35:48.685000+00:00,price_change,0.47,SELL,231.23,0.41,0.44
2025-12-08T04:35:49.120000+00:00,price_change,0.47,SELL,211.23,0.41,0.44
2025-12-08T04:35:49.282000+00:00,price_change,0.47,SELL,231.23,0.41,0.44
2025-12-08T04:35:49.799000+00:00,price_change,0.47,SELL,211.23,0.41,0.44
2025-12-08T04:35:50.515000+00:00,price_change,0.47,SELL,231.23,0.41,0.44
2025-12-08T04:35:50.989000+00:00,price_change,0.47,SELL,211.23,0.41,0.44
2025-12-08T04:35:51.083000+00:00,price_change,0.47,SELL,231.23,0.41,0.44
2025-12-08T04:35:51.671000+00:00,price_change,0.47,SELL,211.23,0.41,0.44
2025-12-08T04:35:51.836000+00:00,price_change,0.47,SELL,231.23,0.41,0.44
2025-12-08T04:35:52.351000+00:00,price_change,0.47,SELL,211.23,0.41,0.44
2025-12-08T04:35:52.475000+00:00,price_change,0.47,SELL,231.23,0.41,0.44
2025-12-08T04:35:53.032000+00:00,price_change,0.47,SELL,211.23,0.41,0.44
2025-12-08T04:35:53.194000+00:00,price_change,0.47,SELL,231.23,0.41,0.44
2025-12-08T04:35:53.713000+00:00,price_change,0.47,SELL,211.23,0.41,0.44
2025-12-08T04:35:53.791000+00:00,price_change,0.47,SELL,231.23,0.41,0.44
2025-12-08T04:35:54.223000+00:00,price_change,0.47,SELL,211.23,0.41,0.44
2025-12-08T04:35:54.397000+00:00,price_change,0.47,SELL,231.23,0.41,0.44
2025-12-08T04:35:54.904000+00:00,price_change,0.47,SELL,211.23,0.41,0.44
2025-12-08T04:35:54.991000+00:00,price_change,0.47,SELL,231.23,0.41,0.44
2025-12-08T04:35:55.414000+00:00,price_change,0.47,SELL,211.23,0.41,0.44
2025-12-08T04:35:55.623000+00:00,price_change,0.47,SELL,231.23,0.41,0.44
2025-12-08T04:35:56.095000+00:00,price_change,0.47,SELL,211.23,0.41,0.44
2025-12-08T04:35:56.203000+00:00,price_change,0.47,SELL,231.23,0.41,0.44
2025-12-08T04:35:56.774000+00:00,price_change,0.47,SELL,211.23,0.41,0.44
2025-12-08T04:35:56.942000+00:00,price_change,0.47,SELL,231.23,0.41,0.44
2025-12-08T04:35:57.455000+00:00,price_change,0.47,SELL,211.23,0.41,0.44
2025-12-08T04:35:57.549000+00:00,price_change,0.47,SELL,231.23,0.41,0.44
2025-12-08T04:35:58.135000+00:00,price_change,0.47,SELL,211.23,0.41,0.44
2025-12-08T04:35:58.296000+00:00,price_change,0.47,SELL,231.23,0.41,0.44
2025-12-08T04:35:58.817000+00:00,price_change,0.47,SELL,211.23,0.41,0.44
2025-12-08T04:35:58.897000+00:00,price_change,0.47,SELL,231.23,0.41,0.44
2025-12-08T04:35:59.532000+00:00,price_change,0.47,SELL,211.23,0.41,0.44
2025-12-08T04:35:59.649000+00:00,price_change,0.47,SELL,231.23,0.41,0.44
2025-12-08T04:36:00.179000+00:00,price_change,0.47,SELL,211.23,0.41,0.44
2025-12-08T04:36:00.250000+00:00,price_change,0.47,SELL,231.23,0.41,0.44
2025-12-08T04:36:00.688000+00:00,price_change,0.47,SELL,211.23,0.41,0.44
2025-12-08T04:36:00.858000+00:00,price_change,0.47,SELL,231.23,0.41,0.44
2025-12-08T04:36:01.371000+00:00,price_change,0.47,SELL,211.23,0.41,0.44
2025-12-08T04:36:08.585000+00:00,price_change,0.11,BUY,5495,0.41,0.44
2025-12-08T04:36:08.585000+00:00,price_change,0.85,SELL,5019,0.41,0.44
2025-12-08T04:36:08.658000+00:00,price_change,0.47,SELL,231.23,0.41,0.44
2025-12-08T04:36:08.907000+00:00,price_change,0.84,SELL,1914,0.41,0.44
2025-12-08T04:36:08.923000+00:00,price_change,0.12,BUY,2540,0.41,0.44
2025-12-08T04:36:09.201000+00:00,price_change,0.47,SELL,211.23,0.41,0.44
2025-12-08T04:36:09.258000+00:00,price_change,0.47,SELL,231.23,0.41,0.44
2025-12-08T04:36:09.747000+00:00,price_change,0.47,SELL,211.23,0.41,0.44
2025-12-08T04:36:09.861000+00:00,price_change,0.47,SELL,231.23,0.41,0.44
2025-12-08T04:36:10.392000+00:00,price_change,0.47,SELL,211.23,0.41,0.44
2025-12-08T04:36:10.460000+00:00,price_change,0.47,SELL,231.23,0.41,0.44
2025-12-08T04:36:10.904000+00:00,price_change,0.47,SELL,211.23,0.41,0.44
2025-12-08T04:36:11.058000+00:00,price_change,0.47,SELL,231.23,0.41,0.44
2025-12-08T04:36:11.586000+00:00,price_change,0.47,SELL,211.23,0.41,0.44
2025-12-08T04:36:11.659000+00:00,price_change,0.47,SELL,231.23,0.41,0.44
2025-12-08T04:36:12.094000+00:00,price_change,0.47,SELL,211.23,0.41,0.44
2025-12-08T04:36:12.262000+00:00,price_change,0.47,SELL,231.23,0.41,0.44
2025-12-08T04:36:12.775000+00:00,price_change,0.47,SELL,211.23,0.41,0.44
2025-12-08T04:36:12.866000+00:00,price_change,0.47,SELL,231.23,0.41,0.44
2025-12-08T04:36:13.455000+00:00,price_change,0.47,SELL,211.23,0.41,0.44
2025-12-08T04:36:13.614000+00:00,price_change,0.47,SELL,231.23,0.41,0.44
2025-12-08T04:36:14.135000+00:00,price_change,0.47,SELL,211.23,0.41,0.44
2025-12-08T04:36:14.213000+00:00,price_change,0.47,SELL,231.23,0.41,0.44
2025-12-08T04:36:14.646000+00:00,price_change,0.47,SELL,211.23,0.41,0.44
2025-12-08T04:36:14.816000+00:00,price_change,0.47,SELL,231.23,0.41,0.44
2025-12-08T04:36:15.325000+00:00,price_change,0.47,SELL,211.23,0.41,0.44
2025-12-08T04:36:15.565000+00:00,price_change,0.47,SELL,231.23,0.41,0.44
2025-12-08T04:36:16.008000+00:00,price_change,0.47,SELL,211.23,0.41,0.44
2025-12-08T04:36:16.168000+00:00,price_change,0.47,SELL,231.23,0.41,0.44
2025-12-08T04:36:16.686000+00:00,price_change,0.47,SELL,211.23,0.41,0.44
2025-12-08T04:36:16.916000+00:00,price_change,0.47,SELL,231.23,0.41,0.44
2025-12-08T04:36:17.401000+00:00,price_change,0.47,SELL,211.23,0.41,0.44
2025-12-08T04:36:17.527000+00:00,price_change,0.47,SELL,231.23,0.41,0.44
2025-12-08T04:36:18.051000+00:00,price_change,0.47,SELL,211.23,0.41,0.44
2025-12-08T04:36:18.120000+00:00,price_change,0.47,SELL,231.23,0.41,0.44
2025-12-08T04:36:18.557000+00:00,price_change,0.47,SELL,211.23,0.41,0.44
2025-12-08T04:36:18.720000+00:00,price_change,0.47,SELL,231.23,0.41,0.44
2025-12-08T04:36:19.239000+00:00,price_change,0.47,SELL,211.23,0.41,0.44
2025-12-08T04:36:19.326000+00:00,price_change,0.47,SELL,231.23,0.41,0.44
2025-12-08T04:36:19.749000+00:00,price_change,0.47,SELL,211.23,0.41,0.44
2025-12-08T04:36:19.919000+00:00,price_change,0.47,SELL,231.23,0.41,0.44
2025-12-08T04:36:20.600000+00:00,price_change,0.47,SELL,211.23,0.41,0.44
2025-12-08T04:36:20.819000+00:00,price_change,0.47,SELL,231.23,0.41,0.44
2025-12-08T04:36:21.309000+00:00,price_change,0.47,SELL,211.23,0.41,0.44
2025-12-08T04:36:21.425000+00:00,price_change,0.47,SELL,231.23,0.41,0.44
2025-12-08T04:36:21.962000+00:00,price_change,0.47,SELL,211.23,0.41,0.44
2025-12-08T04:36:22.023000+00:00,price_change,0.47,SELL,231.23,0.41,0.44
2025-12-08T04:36:22.507000+00:00,price_change,0.47,SELL,211.23,0.41,0.44
2025-12-08T04:36:22.629000+00:00,price_change,0.47,SELL,231.23,0.41,0.44
2025-12-08T04:36:23.153000+00:00,price_change,0.47,SELL,211.23,0.41,0.44
2025-12-08T04:36:23.525000+00:00,price_change,0.47,SELL,231.23,0.41,0.44
2025-12-08T04:36:24.010000+00:00,price_change,0.47,SELL,211.23,0.41,0.44
2025-12-08T04:36:24.576000+00:00,price_change,0.47,SELL,231.23,0.41,0.44
2025-12-08T04:36:25.059000+00:00,price_change,0.47,SELL,211.23,0.41,0.44
2025-12-08T04:36:25.178000+00:00,price_change,0.47,SELL,231.23,0.41,0.44
2025-12-08T04:36:25.706000+00:00,price_change,0.47,SELL,211.23,0.41,0.44
2025-12-08T04:36:25.775000+00:00,price_change,0.47,SELL,231.23,0.41,0.44
2025-12-08T04:36:26.216000+00:00,price_change,0.47,SELL,211.23,0.41,0.44
2025-12-08T04:36:26.831000+00:00,price_change,0.47,SELL,231.23,0.41,0.44
2025-12-08T04:36:27.409000+00:00,price_change,0.47,SELL,211.23,0.41,0.44
2025-12-08T04:36:27.581000+00:00,price_change,0.47,SELL,231.23,0.41,0.44
2025-12-08T04:36:28.089000+00:00,price_change,0.47,SELL,211.23,0.41,0.44
2025-12-08T04:36:28.182000+00:00,price_change,0.47,SELL,231.23,0.41,0.44
2025-12-08T04:36:28.772000+00:00,price_change,0.47,SELL,211.23,0.41,0.44
2025-12-08T04:36:28.933000+00:00,price_change,0.47,SELL,231.23,0.41,0.44
2025-12-08T04:36:29.105000+00:00,price_change,0.37,BUY,5.1,0.41,0.44
2025-12-08T04:36:29.107000+00:00,price_change,0.38,BUY,2078.4,0.41,0.44
2025-12-08T04:36:29.447000+00:00,price_change,0.47,SELL,211.23,0.41,0.44
2025-12-08T04:36:29.683000+00:00,price_change,0.47,SELL,231.23,0.41,0.44
2025-12-08T04:36:30.129000+00:00,price_change,0.47,SELL,211.23,0.41,0.44
2025-12-08T04:36:30.284000+00:00,price_change,0.47,SELL,231.23,0.41,0.44
2025-12-08T04:36:30.807000+00:00,price_change,0.47,SELL,211.23,0.41,0.44
2025-12-08T04:36:30.885000+00:00,price_change,0.47,SELL,231.23,0.41,0.44
2025-12-08T04:36:31.320000+00:00,price_change,0.47,SELL,211.23,0.41,0.44
2025-12-08T04:36:31.483000+00:00,price_change,0.47,SELL,231.23,0.41,0.44
2025-12-08T04:36:32+00:00,price_change,0.47,SELL,211.23,0.41,0.44
2025-12-08T04:36:32.090000+00:00,price_change,0.47,SELL,231.23,0.41,0.44
2025-12-08T04:36:32.512000+00:00,price_change,0.47,SELL,211.23,0.41,0.44
2025-12-08T04:36:32.686000+00:00,price_change,0.47,SELL,231.23,0.41,0.44
2025-12-08T04:36:33.192000+00:00,price_change,0.47,SELL,211.23,0.41,0.44
2025-12-08T04:36:33.585000+00:00,price_change,0.47,SELL,231.23,0.41,0.44
2025-12-08T04:36:34.066000+00:00,price_change,0.47,SELL,211.23,0.41,0.44
2025-12-08T04:36:34.185000+00:00,price_change,0.47,SELL,231.23,0.41,0.44
2025-12-08T04:36:34.726000+00:00,price_change,0.47,SELL,211.23,0.41,0.44
2025-12-08T04:36:35.388000+00:00,price_change,0.47,SELL,231.23,0.41,0.44
2025-12-08T04:36:35.915000+00:00,price_change,0.47,SELL,211.23,0.41,0.44
2025-12-08T04:36:35.986000+00:00,price_change,0.47,SELL,231.23,0.41,0.44
2025-12-08T04:36:36.427000+00:00,price_change,0.47,SELL,211.23,0.41,0.44
2025-12-08T04:36:36.587000+00:00,price_change,0.47,SELL,231.23,0.41,0.44
2025-12-08T04:36:37.106000+00:00,price_change,0.47,SELL,211.23,0.41,0.44
2025-12-08T04:36:37.187000+00:00,price_change,0.47,SELL,231.23,0.41,0.44
2025-12-08T04:36:37.617000+00:00,price_change,0.47,SELL,211.23,0.41,0.44
2025-12-08T04:36:37.790000+00:00,price_change,0.47,SELL,231.23,0.41,0.44
2025-12-08T04:36:38.299000+00:00,price_change,0.47,SELL,211.23,0.41,0.44
2025-12-08T04:36:38.550000+00:00,price_change,0.47,SELL,231.23,0.41,0.44
2025-12-08T04:36:38.978000+00:00,price_change,0.47,SELL,211.23,0.41,0.44
2025-12-08T04:36:39.139000+00:00,price_change,0.47,SELL,231.23,0.41,0.44
2025-12-08T04:36:39.659000+00:00,price_change,0.47,SELL,211.23,0.41,0.44
2025-12-08T04:36:39.741000+00:00,price_change,0.47,SELL,231.23,0.41,0.44
2025-12-08T04:36:40.169000+00:00,price_change,0.47,SELL,211.23,0.41,0.44
2025-12-08T04:36:40.342000+00:00,price_change,0.47,SELL,231.23,0.41,0.44
2025-12-08T04:36:40.851000+00:00,price_change,0.47,SELL,211.23,0.41,0.44
2025-12-08T04:36:40.942000+00:00,price_change,0.47,SELL,231.23,0.41,0.44
2025-12-08T04:36:41.531000+00:00,price_change,0.47,SELL,211.23,0.41,0.44
2025-12-08T04:36:41.692000+00:00,price_change,0.47,SELL,231.23,0.41,0.44
2025-12-08T04:36:42.209000+00:00,price_change,0.47,SELL,211.23,0.41,0.44
2025-12-08T04:36:42.590000+00:00,price_change,0.47,SELL,231.23,0.41,0.44
2025-12-08T04:36:43.026000+00:00,price_change,0.44,SELL,1873.49,0.41,0.44
2025-12-08T04:36:43.072000+00:00,price_change,0.47,SELL,211.23,0.41,0.44
2025-12-08T04:36:43.190000+00:00,price_change,0.47,SELL,231.23,0.41,0.44
2025-12-08T04:36:43.751000+00:00,price_change,0.47,SELL,211.23,0.41,0.44
2025-12-08T04:36:43.794000+00:00,price_change,0.47,SELL,231.23,0.41,0.44
2025-12-08T04:36:44.280000+00:00,price_change,0.47,SELL,211.23,0.41,0.44
2025-12-08T04:36:44.395000+00:00,price_change,0.47,SELL,231.23,0.41,0.44
2025-12-08T04:36:44.937000+00:00,price_change,0.47,SELL,211.23,0.41,0.44
2025-12-08T04:36:45.144000+00:00,price_change,0.47,SELL,231.23,0.41,0.44
2025-12-08T04:36:45.627000+00:00,price_change,0.47,SELL,211.23,0.41,0.44
2025-12-08T04:36:45.743000+00:00,price_change,0.47,SELL,231.23,0.41,0.44
2025-12-08T04:36:46.299000+00:00,price_change,0.47,SELL,211.23,0.41,0.44
2025-12-08T04:36:46.345000+00:00,price_change,0.47,SELL,231.23,0.41,0.44
2025-12-08T04:36:46.808000+00:00,price_change,0.47,SELL,211.23,0.41,0.44
2025-12-08T04:36:46.946000+00:00,price_change,0.47,SELL,231.23,0.41,0.44
2025-12-08T04:36:47.489000+00:00,price_change,0.47,SELL,211.23,0.41,0.44
2025-12-08T04:36:47.703000+00:00,price_change,0.47,SELL,231.23,0.41,0.44
2025-12-08T04:36:48.187000+00:00,price_change,0.47,SELL,211.23,0.41,0.44
2025-12-08T04:36:48.311000+00:00,price_change,0.47,SELL,231.23,0.41,0.44
2025-12-08T04:36:48.850000+00:00,price_change,0.47,SELL,211.23,0.41,0.44
2025-12-08T04:36:48.900000+00:00,price_change,0.47,SELL,231.23,0.41,0.44
2025-12-08T04:36:49.533000+00:00,price_change,0.47,SELL,211.23,0.41,0.44
2025-12-08T04:36:49.806000+00:00,price_change,0.47,SELL,231.23,0.41,0.44
2025-12-08T04:36:50.391000+00:00,price_change,0.47,SELL,211.23,0.41,0.44
2025-12-08T04:36:50.551000+00:00,price_change,0.47,SELL,231.23,0.41,0.44
2025-12-08T04:36:51.064000+00:00,price_change,0.47,SELL,211.23,0.41,0.44
2025-12-08T04:36:51.301000+00:00,price_change,0.47,SELL,231.23,0.41,0.44
2025-12-08T04:36:51.751000+00:00,price_change,0.47,SELL,211.23,0.41,0.44
2025-12-08T04:36:51.908000+00:00,price_change,0.47,SELL,231.23,0.41,0.44
2025-12-08T04:36:52.425000+00:00,price_change,0.47,SELL,211.23,0.41,0.44
2025-12-08T04:36:52.504000+00:00,price_change,0.47,SELL,231.23,0.41,0.44
2025-12-08T04:36:53.135000+00:00,price_change,0.47,SELL,211.23,0.41,0.44
2025-12-08T04:36:53.252000+00:00,price_change,0.47,SELL,231.23,0.41,0.44
2025-12-08T04:36:53.787000+00:00,price_change,0.47,SELL,211.23,0.41,0.44
2025-12-08T04:36:53.854000+00:00,price_change,0.47,SELL,231.23,0.41,0.44
2025-12-08T04:36:54.297000+00:00,price_change,0.47,SELL,211.23,0.41,0.44
2025-12-08T04:36:54.455000+00:00,price_change,0.47,SELL,231.23,0.41,0.44
2025-12-08T04:36:54.978000+00:00,price_change,0.47,SELL,211.23,0.41,0.44
2025-12-08T04:36:55.522000+00:00,price_change,0.47,SELL,231.23,0.41,0.44
2025-12-08T04:36:55.998000+00:00,price_change,0.47,SELL,211.23,0.41,0.44
2025-12-08T04:36:56.102000+00:00,price_change,0.47,SELL,231.23,0.41,0.44
2025-12-08T04:36:56.679000+00:00,price_change,0.47,SELL,211.23,0.41,0.44
2025-12-08T04:36:56.885000+00:00,price_change,0.47,SELL,231.23,0.41,0.44
2025-12-08T04:36:57.360000+00:00,price_change,0.47,SELL,211.23,0.41,0.44
2025-12-08T04:36:57.604000+00:00,price_change,0.47,SELL,231.23,0.41,0.44
2025-12-08T04:36:58.039000+00:00,price_change,0.47,SELL,211.23,0.41,0.44
2025-12-08T04:36:58.221000+00:00,price_change,0.47,SELL,231.23,0.41,0.44
2025-12-08T04:36:58.720000+00:00,price_change,0.47,SELL,211.23,0.41,0.44
2025-12-08T04:36:58.805000+00:00,price_change,0.47,SELL,231.23,0.41,0.44
2025-12-08T04:36:59.231000+00:00,price_change,0.47,SELL,211.23,0.41,0.44
2025-12-08T04:36:59.437000+00:00,price_change,0.47,SELL,231.23,0.41,0.44
2025-12-08T04:36:59.910000+00:00,price_change,0.47,SELL,211.23,0.41,0.44
2025-12-08T04:37:00.006000+00:00,price_change,0.47,SELL,231.23,0.41,0.44
2025-12-08T04:37:00.598000+00:00,price_change,0.47,SELL,211.23,0.41,0.44
2025-12-08T04:37:03+00:00,price_change,0.44,SELL,1800.29,0.41,0.44
2025-12-08T04:37:03.177000+00:00,price_change,0.47,SELL,231.23,0.41,0.44
2025-12-08T04:37:03.653000+00:00,price_change,0.47,SELL,211.23,0.41,0.44
2025-12-08T04:37:03.758000+00:00,price_change,0.47,SELL,231.23,0.41,0.44
2025-12-08T04:37:04.335000+00:00,price_change,0.47,SELL,211.23,0.41,0.44
2025-12-08T04:37:04.535000+00:00,price_change,0.47,SELL,231.23,0.41,0.44
2025-12-08T04:37:05.013000+00:00,price_change,0.47,SELL,211.23,0.41,0.44
2025-12-08T04:37:05.110000+00:00,price_change,0.47,SELL,231.23,0.41,0.44
2025-12-08T04:37:05.694000+00:00,price_change,0.47,SELL,211.23,0.41,0.44
2025-12-08T04:37:06.312000+00:00,price_change,0.47,SELL,231.23,0.41,0.44
2025-12-08T04:37:06.886000+00:00,price_change,0.47,SELL,211.23,0.41,0.44
2025-12-08T04:37:07.088000+00:00,price_change,0.47,SELL,231.23,0.41,0.44
2025-12-08T04:37:07.570000+00:00,price_change,0.47,SELL,211.23,0.41,0.44
2025-12-08T04:37:07.821000+00:00,price_change,0.47,SELL,231.23,0.41,0.44
2025-12-08T04:37:08.246000+00:00,price_change,0.47,SELL,211.23,0.41,0.44
2025-12-08T04:37:08.563000+00:00,price_change,0.47,SELL,231.23,0.41,0.44
2025-12-08T04:37:09.097000+00:00,price_change,0.47,SELL,211.23,0.41,0.44
2025-12-08T04:37:09.764000+00:00,price_change,0.47,SELL,231.23,0.41,0.44
2025-12-08T04:37:10.460000+00:00,price_change,0.47,SELL,211.23,0.41,0.44
2025-12-08T04:37:11.120000+00:00,price_change,0.47,SELL,231.23,0.41,0.44
2025-12-08T04:37:11.821000+00:00,price_change,0.47,SELL,211.23,0.41,0.44
2025-12-08T04:37:12.194000+00:00,price_change,0.47,SELL,231.23,0.41,0.44
2025-12-08T04:37:12.839000+00:00,price_change,0.47,SELL,211.23,0.41,0.44
2025-12-08T04:37:13.075000+00:00,price_change,0.47,SELL,231.23,0.41,0.44
2025-12-08T04:37:13.555000+00:00,price_change,0.47,SELL,211.23,0.41,0.44
2025-12-08T04:37:13.681000+00:00,price_change,0.47,SELL,231.23,0.41,0.44
2025-12-08T04:37:14.203000+00:00,price_change,0.47,SELL,211.23,0.41,0.44
2025-12-08T04:37:14.277000+00:00,price_change,0.47,SELL,231.23,0.41,0.44
2025-12-08T04:37:14.713000+00:00,price_change,0.47,SELL,211.23,0.41,0.44
2025-12-08T04:37:14.884000+00:00,price_change,0.47,SELL,231.23,0.41,0.44
2025-12-08T04:37:15.395000+00:00,price_change,0.47,SELL,211.23,0.41,0.44
2025-12-08T04:37:15.488000+00:00,price_change,0.47,SELL,231.23,0.41,0.44
2025-12-08T04:37:16.075000+00:00,price_change,0.47,SELL,211.23,0.41,0.44
2025-12-08T04:37:16.237000+00:00,price_change,0.47,SELL,231.23,0.41,0.44
2025-12-08T04:37:16.758000+00:00,price_change,0.47,SELL,211.23,0.41,0.44
2025-12-08T04:37:16.838000+00:00,price_change,0.47,SELL,231.23,0.41,0.44
2025-12-08T04:37:17.267000+00:00,price_change,0.47,SELL,211.23,0.41,0.44
2025-12-08T04:37:17.882000+00:00,price_change,0.47,SELL,231.23,0.41,0.44
2025-12-08T04:37:18.456000+00:00,price_change,0.47,SELL,211.23,0.41,0.44
2025-12-08T04:37:18.683000+00:00,price_change,0.47,SELL,231.23,0.41,0.44
2025-12-08T04:37:19.137000+00:00,price_change,0.47,SELL,211.23,0.41,0.44
2025-12-08T04:37:19.237000+00:00,price_change,0.47,SELL,231.23,0.41,0.44
2025-12-08T04:37:19.817000+00:00,price_change,0.47,SELL,211.23,0.41,0.44
2025-12-08T04:37:20.436000+00:00,price_change,0.47,SELL,231.23,0.41,0.44
2025-12-08T04:37:21.014000+00:00,price_change,0.47,SELL,211.23,0.41,0.44
2025-12-08T04:37:21.338000+00:00,price_change,0.47,SELL,231.23,0.41,0.44
2025-12-08T04:37:21.859000+00:00,price_change,0.47,SELL,211.23,0.41,0.44
2025-12-08T04:37:22.089000+00:00,price_change,0.47,SELL,231.23,0.41,0.44
2025-12-08T04:37:22.565000+00:00,price_change,0.47,SELL,211.23,0.41,0.44
2025-12-08T04:37:22.686000+00:00,price_change,0.47,SELL,231.23,0.41,0.44
2025-12-08T04:37:23.220000+00:00,price_change,0.47,SELL,211.23,0.41,0.44
2025-12-08T04:37:23.290000+00:00,price_change,0.47,SELL,231.23,0.41,0.44
2025-12-08T04:37:23.730000+00:00,price_change,0.47,SELL,211.23,0.41,0.44
2025-12-08T04:37:23.891000+00:00,price_change,0.47,SELL,231.23,0.41,0.44
2025-12-08T04:37:24.410000+00:00,price_change,0.47,SELL,211.23,0.41,0.44
2025-12-08T04:37:24.647000+00:00,price_change,0.47,SELL,231.23,0.41,0.44
2025-12-08T04:37:25.125000+00:00,price_change,0.47,SELL,211.23,0.41,0.44
2025-12-08T04:37:25.241000+00:00,price_change,0.47,SELL,231.23,0.41,0.44
2025-12-08T04:37:25.771000+00:00,price_change,0.47,SELL,211.23,0.41,0.44
2025-12-08T04:37:25.841000+00:00,price_change,0.47,SELL,231.23,0.41,0.44
2025-12-08T04:37:26.320000+00:00,price_change,0.47,SELL,211.23,0.41,0.44
2025-12-08T04:37:26.453000+00:00,price_change,0.47,SELL,231.23,0.41,0.44
2025-12-08T04:37:26.980000+00:00,price_change,0.47,SELL,211.23,0.41,0.44
2025-12-08T04:37:27.049000+00:00,price_change,0.47,SELL,231.23,0.41,0.44
2025-12-08T04:37:27.527000+00:00,price_change,0.47,SELL,211.23,0.41,0.44
2025-12-08T04:37:27.648000+00:00,price_change,0.47,SELL,231.23,0.41,0.44
2025-12-08T04:37:28.169000+00:00,price_change,0.47,SELL,211.23,0.41,0.44
2025-12-08T04:37:28.245000+00:00,price_change,0.47,SELL,231.23,0.41,0.44
2025-12-08T04:37:28.681000+00:00,price_change,0.47,SELL,211.23,0.41,0.44
2025-12-08T04:37:28.852000+00:00,price_change,0.47,SELL,231.23,0.41,0.44
2025-12-08T04:37:29.364000+00:00,price_change,0.47,SELL,211.23,0.41,0.44
2025-12-08T04:37:29.446000+00:00,price_change,0.47,SELL,231.23,0.41,0.44
2025-12-08T04:37:30.072000+00:00,price_change,0.47,SELL,211.23,0.41,0.44
2025-12-08T04:37:30.196000+00:00,price_change,0.47,SELL,231.23,0.41,0.44
2025-12-08T04:37:30.721000+00:00,price_change,0.47,SELL,211.23,0.41,0.44
2025-12-08T04:37:30.795000+00:00,price_change,0.47,SELL,231.23,0.41,0.44
2025-12-08T04:37:31.233000+00:00,price_change,0.47,SELL,211.23,0.41,0.44
2025-12-08T04:37:31.397000+00:00,price_change,0.47,SELL,231.23,0.41,0.44
2025-12-08T04:37:31.914000+00:00,price_change,0.47,SELL,211.23,0.41,0.44
2025-12-08T04:37:31.994000+00:00,price_change,0.47,SELL,231.23,0.41,0.44
2025-12-08T04:37:32.628000+00:00,price_change,0.47,SELL,211.23,0.41,0.44
2025-12-08T04:37:32.753000+00:00,price_change,0.47,SELL,231.23,0.41,0.44
2025-12-08T04:37:33.279000+00:00,price_change,0.47,SELL,211.23,0.41,0.44
2025-12-08T04:37:33.359000+00:00,price_change,0.47,SELL,231.23,0.41,0.44
2025-12-08T04:37:33.788000+00:00,price_change,0.47,SELL,211.23,0.41,0.44
2025-12-08T04:37:33.949000+00:00,price_change,0.47,SELL,231.23,0.41,0.44
2025-12-08T04:37:34.474000+00:00,price_change,0.47,SELL,211.23,0.41,0.44
2025-12-08T04:37:34.603000+00:00,price_change,0.47,SELL,231.23,0.41,0.44
2025-12-08T04:37:35.188000+00:00,price_change,0.47,SELL,211.23,0.41,0.44
2025-12-08T04:37:35.305000+00:00,price_change,0.47,SELL,231.23,0.41,0.44
2025-12-08T04:37:35.835000+00:00,price_change,0.47,SELL,211.23,0.41,0.44
2025-12-08T04:37:35.905000+00:00,price_change,0.47,SELL,231.23,0.41,0.44
2025-12-08T04:37:36.343000+00:00,price_change,0.47,SELL,211.23,0.41,0.44
2025-12-08T04:37:36.513000+00:00,price_change,0.47,SELL,231.23,0.41,0.44
2025-12-08T04:37:37.024000+00:00,price_change,0.47,SELL,211.23,0.41,0.44
2025-12-08T04:37:37.253000+00:00,price_change,0.47,SELL,231.23,0.41,0.44
2025-12-08T04:37:37.737000+00:00,price_change,0.47,SELL,211.23,0.41,0.44
2025-12-08T04:37:38.004000+00:00,price_change,0.47,SELL,231.23,0.41,0.44
2025-12-08T04:37:38.554000+00:00,price_change,0.47,SELL,211.23,0.41,0.44
2025-12-08T04:37:38.756000+00:00,price_change,0.47,SELL,231.23,0.41,0.44
2025-12-08T04:37:39.234000+00:00,price_change,0.47,SELL,211.23,0.41,0.44
2025-12-08T04:37:39.365000+00:00,price_change,0.47,SELL,231.23,0.41,0.44
2025-12-08T04:37:39.920000+00:00,price_change,0.47,SELL,211.23,0.41,0.44
2025-12-08T04:37:39.960000+00:00,price_change,0.47,SELL,231.23,0.41,0.44
2025-12-08T04:37:40.438000+00:00,price_change,0.47,SELL,211.23,0.41,0.44
2025-12-08T04:37:40.563000+00:00,price_change,0.47,SELL,231.23,0.41,0.44
2025-12-08T04:37:41.108000+00:00,price_change,0.47,SELL,211.23,0.41,0.44
2025-12-08T04:37:41.617000+00:00,price_change,0.47,SELL,231.23,0.41,0.44
2025-12-08T04:37:42.127000+00:00,price_change,0.47,SELL,211.23,0.41,0.44
2025-12-08T04:37:42.211000+00:00,price_change,0.47,SELL,231.23,0.41,0.44
2025-12-08T04:37:42.845000+00:00,price_change,0.47,SELL,211.23,0.41,0.44
2025-12-08T04:37:42.960000+00:00,price_change,0.47,SELL,231.23,0.41,0.44
2025-12-08T04:37:43.489000+00:00,price_change,0.47,SELL,211.23,0.41,0.44
2025-12-08T04:37:43.560000+00:00,price_change,0.47,SELL,231.23,0.41,0.44
2025-12-08T04:37:44.086000+00:00,price_change,0.47,SELL,211.23,0.41,0.44
2025-12-08T04:37:44.166000+00:00,price_change,0.47,SELL,231.23,0.41,0.44
2025-12-08T04:37:44.680000+00:00,price_change,0.47,SELL,211.23,0.41,0.44
2025-12-08T04:37:44.771000+00:00,price_change,0.47,SELL,231.23,0.41,0.44
2025-12-08T04:37:45.361000+00:00,price_change,0.47,SELL,211.23,0.41,0.44
2025-12-08T04:37:45.518000+00:00,price_change,0.47,SELL,231.23,0.41,0.44
2025-12-08T04:37:46.041000+00:00,price_change,0.47,SELL,211.23,0.41,0.44
2025-12-08T04:37:46.113000+00:00,price_change,0.47,SELL,231.23,0.41,0.44
2025-12-08T04:37:46.559000+00:00,price_change,0.47,SELL,211.23,0.41,0.44
2025-12-08T04:37:46.715000+00:00,price_change,0.47,SELL,231.23,0.41,0.44
2025-12-08T04:37:47.232000+00:00,price_change,0.47,SELL,211.23,0.41,0.44
2025-12-08T04:37:47.315000+00:00,price_change,0.47,SELL,231.23,0.41,0.44
2025-12-08T04:37:47.742000+00:00,price_change,0.47,SELL,211.23,0.41,0.44
