timestamp,event_type,price,side,size,best_bid,best_ask
2025-12-08T03:13:47.183000+00:00,book,0.15,BUY,338.86,0.15,0.18
2025-12-08T03:13:47.183000+00:00,book,0.18,SELL,412.39,0.15,0.18
2025-12-08T03:14:37.380000+00:00,price_change,0.13,BUY,1390.9,0.15,0.18
2025-12-08T03:14:37.380000+00:00,price_change,0.1,BUY,444,0.15,0.18
2025-12-08T03:27:06.863000+00:00,book,0.15,BUY,338.86,0.15,0.18
2025-12-08T03:27:06.863000+00:00,book,0.18,SELL,412.39,0.15,0.18
2025-12-08T03:28:29.717000+00:00,price_change,0.92,SELL,3000,0.15,0.18
2025-12-08T03:31:37.603000+00:00,book,0.15,BUY,338.86,0.15,0.18
2025-12-08T03:31:37.603000+00:00,book,0.18,SELL,412.39,0.15,0.18
2025-12-08T03:31:37.603000+00:00,book,0.15,BUY,338.86,0.15,0.18
2025-12-08T03:31:37.603000+00:00,book,0.18,SELL,412.39,0.15,0.18
2025-12-08T03:31:37.603000+00:00,book,0.15,BUY,338.86,0.15,0.18
2025-12-08T03:31:37.603000+00:00,book,0.18,SELL,412.39,0.15,0.18
2025-12-08T03:31:37.603000+00:00,book,0.15,BUY,338.86,0.15,0.18
2025-12-08T03:31:37.603000+00:00,book,0.18,SELL,412.39,0.15,0.18
2025-12-08T03:36:11.436000+00:00,price_change,0.2,SELL,36.84,0.15,0.18
2025-12-08T03:36:28.849000+00:00,price_change,0.26,SELL,40,0.15,0.18
2025-12-08T03:36:29.014000+00:00,price_change,0.21,SELL,228.25,0.15,0.18
2025-12-08T03:36:31.089000+00:00,price_change,0.26,SELL,20,0.15,0.18
2025-12-08T03:36:39.288000+00:00,price_change,0.21,SELL,248.25,0.15,0.18
2025-12-08T03:38:51.934000+00:00,price_change,0.18,SELL,406.83,0.15,0.18
2025-12-08T03:38:51.934000+00:00,book,0.15,BUY,338.86,0.15,0.18
2025-12-08T03:38:51.934000+00:00,book,0.18,SELL,406.83,0.15,0.18
2025-12-08T03:38:51.961000+00:00,last_trade_price,0.18,BUY,5.555554,,
2025-12-08T03:44:48.825000+00:00,book,0.15,BUY,338.86,0.15,0.18
2025-12-08T03:44:48.825000+00:00,book,0.18,SELL,406.83,0.15,0.18
2025-12-08T03:47:13.285000+00:00,price_change,0.13,BUY,1390.9,0.15,0.18
2025-12-08T03:47:13.285000+00:00,price_change,0.1,BUY,444,0.15,0.18
2025-12-08T03:48:22.717000+00:00,price_change,0.71,SELL,0,0.15,0.18
2025-12-08T03:50:02.421000+00:00,price_change,0.84,SELL,0,0.15,0.18
2025-12-08T03:50:02.466000+00:00,price_change,0.92,SELL,100,0.15,0.18
2025-12-08T03:50:02.770000+00:00,price_change,0.82,SELL,0,0.15,0.18
2025-12-08T03:51:26.542000+00:00,price_change,0.13,BUY,183.9,0.15,0.18
2025-12-08T03:51:28.926000+00:00,price_change,0.13,BUY,1390.9,0.15,0.18
2025-12-08T03:51:40.445000+00:00,price_change,0.71,SELL,1034,0.15,0.18
2025-12-08T03:52:39.845000+00:00,price_change,0.81,SELL,0,0.15,0.18
2025-12-08T03:52:40.541000+00:00,price_change,0.82,SELL,5.91,0.15,0.18
2025-12-08T03:53:33.929000+00:00,price_change,0.92,SELL,0,0.15,0.18
2025-12-08T03:53:34.526000+00:00,price_change,0.93,SELL,200,0.15,0.18
2025-12-08T03:54:16.974000+00:00,price_change,0.82,SELL,893.91,0.15,0.18
2025-12-08T03:54:21.372000+00:00,price_change,0.84,SELL,1000,0.15,0.18
2025-12-08T03:55:32.747000+00:00,price_change,0.82,SELL,888,0.15,0.18
2025-12-08T03:55:33.132000+00:00,price_change,0.81,SELL,5.39,0.15,0.18
2025-12-08T03:55:33.941000+00:00,price_change,0.81,SELL,10.78,0.15,0.18
2025-12-08T03:56:31.808000+00:00,price_change,0.91,SELL,2666,0.15,0.18
2025-12-08T03:58:44.884000+00:00,price_change,0.81,SELL,5.39,0.15,0.18
2025-12-08T04:00:47.869000+00:00,price_change,0.93,SELL,0,0.15,0.18
2025-12-08T04:00:48.389000+00:00,price_change,0.91,SELL,2766,0.15,0.18
2025-12-08T04:01:19.009000+00:00,price_change,0.71,SELL,0,0.15,0.18
2025-12-08T04:03:13.752000+00:00,price_change,0.02,BUY,0,0.15,0.18
2025-12-08T04:03:13.926000+00:00,price_change,0.02,BUY,3017,0.15,0.18
2025-12-08T04:03:14.232000+00:00,price_change,0.63,SELL,40,0.15,0.18
2025-12-08T04:03:14.397000+00:00,price_change,0.63,SELL,3790,0.15,0.18
2025-12-08T04:03:40.706000+00:00,price_change,0.13,BUY,183.9,0.15,0.18
2025-12-08T04:03:51.658000+00:00,price_change,0.13,BUY,1390.9,0.15,0.18
2025-12-08T04:04:54.119000+00:00,price_change,0.13,BUY,183.9,0.15,0.18
2025-12-08T04:04:54.310000+00:00,price_change,0.22,SELL,520,0.15,0.18
2025-12-08T04:05:07.105000+00:00,price_change,0.21,SELL,228.25,0.15,0.18
2025-12-08T04:05:07.611000+00:00,price_change,0.21,SELL,208.25,0.15,0.18
2025-12-08T04:05:07.707000+00:00,price_change,0.21,SELL,228.25,0.15,0.18
2025-12-08T04:05:08.256000+00:00,price_change,0.21,SELL,208.25,0.15,0.18
2025-12-08T04:05:08.313000+00:00,price_change,0.21,SELL,228.25,0.15,0.18
2025-12-08T04:05:08.793000+00:00,price_change,0.21,SELL,208.25,0.15,0.18
2025-12-08T04:05:08.909000+00:00,price_change,0.21,SELL,228.25,0.15,0.18
2025-12-08T04:05:09.452000+00:00,price_change,0.21,SELL,208.25,0.15,0.18
2025-12-08T04:05:09.519000+00:00,price_change,0.21,SELL,228.25,0.15,0.18
2025-12-08T04:05:09.993000+00:00,price_change,0.21,SELL,208.25,0.15,0.18
2025-12-08T04:05:10.108000+00:00,price_change,0.21,SELL,228.25,0.15,0.18
2025-12-08T04:05:10.638000+00:00,price_change,0.21,SELL,208.25,0.15,0.18
2025-12-08T04:05:10.711000+00:00,price_change,0.21,SELL,228.25,0.15,0.18
2025-12-08T04:05:11.148000+00:00,price_change,0.21,SELL,208.25,0.15,0.18
2025-12-08T04:05:11.313000+00:00,price_change,0.21,SELL,228.25,0.15,0.18
2025-12-08T04:05:11.829000+00:00,price_change,0.21,SELL,208.25,0.15,0.18
2025-12-08T04:05:11.912000+00:00,price_change,0.21,SELL,228.25,0.15,0.18
2025-12-08T04:05:12.545000+00:00,price_change,0.21,SELL,208.25,0.15,0.18
2025-12-08T04:05:12.661000+00:00,price_change,0.21,SELL,228.25,0.15,0.18
2025-12-08T04:05:13.194000+00:00,price_change,0.21,SELL,208.25,0.15,0.18
2025-12-08T04:05:13.263000+00:00,price_change,0.21,SELL,228.25,0.15,0.18
2025-12-08T04:05:13.701000+00:00,price_change,0.21,SELL,208.25,0.15,0.18
2025-12-08T04:05:13.862000+00:00,price_change,0.21,SELL,228.25,0.15,0.18
2025-12-08T04:05:14.395000+00:00,price_change,0.21,SELL,208.25,0.15,0.18
2025-12-08T04:05:14.615000+00:00,price_change,0.21,SELL,228.25,0.15,0.18
2025-12-08T04:05:15.109000+00:00,price_change,0.21,SELL,208.25,0.15,0.18
2025-12-08T04:05:15.215000+00:00,price_change,0.21,SELL,228.25,0.15,0.18
2025-12-08T04:05:15.761000+00:00,price_change,0.21,SELL,208.25,0.15,0.18
2025-12-08T04:05:15.813000+00:00,price_change,0.21,SELL,228.25,0.15,0.18
2025-12-08T04:05:16.308000+00:00,price_change,0.21,SELL,208.25,0.15,0.18
2025-12-08T04:05:16.415000+00:00,price_change,0.21,SELL,228.25,0.15,0.18
2025-12-08T04:05:16.960000+00:00,price_change,0.21,SELL,208.25,0.15,0.18
2025-12-08T04:05:17.167000+00:00,price_change,0.21,SELL,228.25,0.15,0.18
2025-12-08T04:05:17.648000+00:00,price_change,0.21,SELL,208.25,0.15,0.18
2025-12-08T04:05:17.765000+00:00,price_change,0.21,SELL,228.25,0.15,0.18
2025-12-08T04:05:18.310000+00:00,price_change,0.21,SELL,208.25,0.15,0.18
2025-12-08T04:05:18.367000+00:00,price_change,0.21,SELL,228.25,0.15,0.18
2025-12-08T04:05:18.831000+00:00,price_change,0.21,SELL,208.25,0.15,0.18
2025-12-08T04:05:18.968000+00:00,price_change,0.21,SELL,228.25,0.15,0.18
2025-12-08T04:05:19.504000+00:00,price_change,0.21,SELL,208.25,0.15,0.18
2025-12-08T04:05:19.721000+00:00,price_change,0.21,SELL,228.25,0.15,0.18
2025-12-08T04:05:20.202000+00:00,price_change,0.21,SELL,208.25,0.15,0.18
2025-12-08T04:05:20.472000+00:00,price_change,0.21,SELL,228.25,0.15,0.18
2025-12-08T04:05:21.043000+00:00,price_change,0.21,SELL,208.25,0.15,0.18
2025-12-08T04:05:21.218000+00:00,price_change,0.21,SELL,228.25,0.15,0.18
2025-12-08T04:05:21.717000+00:00,price_change,0.21,SELL,208.25,0.15,0.18
2025-12-08T04:05:21.822000+00:00,price_change,0.21,SELL,228.25,0.15,0.18
2025-12-08T04:05:22.401000+00:00,price_change,0.21,SELL,208.25,0.15,0.18
2025-12-08T04:05:22.609000+00:00,price_change,0.21,SELL,228.25,0.15,0.18
2025-12-08T04:05:23.080000+00:00,price_change,0.21,SELL,208.25,0.15,0.18
2025-12-08T04:05:23.480000+00:00,price_change,0.21,SELL,228.25,0.15,0.18
2025-12-08T04:05:23.966000+00:00,price_change,0.21,SELL,208.25,0.15,0.18
2025-12-08T04:05:24.235000+00:00,price_change,0.21,SELL,228.25,0.15,0.18
2025-12-08T04:05:24.785000+00:00,price_change,0.21,SELL,208.25,0.15,0.18
2025-12-08T04:05:24.993000+00:00,price_change,0.21,SELL,228.25,0.15,0.18
2025-12-08T04:05:25.464000+00:00,price_change,0.21,SELL,208.25,0.15,0.18
2025-12-08T04:05:25.882000+00:00,price_change,0.21,SELL,228.25,0.15,0.18
2025-12-08T04:05:26.315000+00:00,price_change,0.21,SELL,208.25,0.15,0.18
2025-12-08T04:05:26.484000+00:00,price_change,0.21,SELL,228.25,0.15,0.18
2025-12-08T04:05:26.994000+00:00,price_change,0.21,SELL,208.25,0.15,0.18
2025-12-08T04:05:27.084000+00:00,price_change,0.21,SELL,228.25,0.15,0.18
2025-12-08T04:05:27.505000+00:00,price_change,0.21,SELL,208.25,0.15,0.18
2025-12-08T04:05:27.718000+00:00,price_change,0.21,SELL,228.25,0.15,0.18
2025-12-08T04:05:28.185000+00:00,price_change,0.21,SELL,208.25,0.15,0.18
2025-12-08T04:05:28.293000+00:00,price_change,0.21,SELL,228.25,0.15,0.18
2025-12-08T04:05:28.867000+00:00,price_change,0.21,SELL,208.25,0.15,0.18
2025-12-08T04:05:29.074000+00:00,price_change,0.21,SELL,228.25,0.15,0.18
2025-12-08T04:05:29.547000+00:00,price_change,0.21,SELL,208.25,0.15,0.18
2025-12-08T04:05:29.791000+00:00,price_change,0.21,SELL,228.25,0.15,0.18
2025-12-08T04:05:30.260000+00:00,price_change,0.21,SELL,208.25,0.15,0.18
2025-12-08T04:05:30.548000+00:00,price_change,0.21,SELL,228.25,0.15,0.18
2025-12-08T04:05:31.247000+00:00,price_change,0.21,SELL,208.25,0.15,0.18
2025-12-08T04:05:31.454000+00:00,price_change,0.21,SELL,228.25,0.15,0.18
2025-12-08T04:05:31.932000+00:00,price_change,0.21,SELL,208.25,0.15,0.18
2025-12-08T04:05:32.056000+00:00,price_change,0.21,SELL,228.25,0.15,0.18
2025-12-08T04:05:32.612000+00:00,price_change,0.21,SELL,208.25,0.15,0.18
2025-12-08T04:05:32.812000+00:00,price_change,0.21,SELL,228.25,0.15,0.18
2025-12-08T04:05:33.289000+00:00,price_change,0.21,SELL,208.25,0.15,0.18
2025-12-08T04:05:33.546000+00:00,price_change,0.21,SELL,228.25,0.15,0.18
2025-12-08T04:05:33.970000+00:00,price_change,0.21,SELL,208.25,0.15,0.18
2025-12-08T04:05:34.177000+00:00,price_change,0.21,SELL,228.25,0.15,0.18
2025-12-08T04:05:34.650000+00:00,price_change,0.21,SELL,208.25,0.15,0.18
2025-12-08T04:05:34.747000+00:00,price_change,0.21,SELL,228.25,0.15,0.18
2025-12-08T04:05:35.333000+00:00,price_change,0.21,SELL,208.25,0.15,0.18
2025-12-08T04:05:35.500000+00:00,price_change,0.21,SELL,228.25,0.15,0.18
2025-12-08T04:05:36.015000+00:00,price_change,0.21,SELL,208.25,0.15,0.18
2025-12-08T04:05:36.248000+00:00,price_change,0.21,SELL,228.25,0.15,0.18
2025-12-08T04:05:36.691000+00:00,price_change,0.21,SELL,208.25,0.15,0.18
2025-12-08T04:05:36.852000+00:00,price_change,0.21,SELL,228.25,0.15,0.18
2025-12-08T04:05:37.373000+00:00,price_change,0.21,SELL,208.25,0.15,0.18
2025-12-08T04:05:37.453000+00:00,price_change,0.21,SELL,228.25,0.15,0.18
2025-12-08T04:05:38.063000+00:00,price_change,0.21,SELL,208.25,0.15,0.18
2025-12-08T04:05:38.208000+00:00,price_change,0.21,SELL,228.25,0.15,0.18
2025-12-08T04:05:38.744000+00:00,price_change,0.21,SELL,208.25,0.15,0.18
2025-12-08T04:05:38.810000+00:00,price_change,0.21,SELL,228.25,0.15,0.18
2025-12-08T04:05:39.246000+00:00,price_change,0.21,SELL,208.25,0.15,0.18
2025-12-08T04:05:39.703000+00:00,price_change,0.21,SELL,228.25,0.15,0.18
2025-12-08T04:05:40.270000+00:00,price_change,0.21,SELL,208.25,0.15,0.18
2025-12-08T04:05:40.459000+00:00,price_change,0.21,SELL,228.25,0.15,0.18
2025-12-08T04:05:40.954000+00:00,price_change,0.21,SELL,208.25,0.15,0.18
2025-12-08T04:05:41.205000+00:00,price_change,0.21,SELL,228.25,0.15,0.18
2025-12-08T04:05:41.639000+00:00,price_change,0.21,SELL,208.25,0.15,0.18
2025-12-08T04:05:41.809000+00:00,price_change,0.21,SELL,228.25,0.15,0.18
2025-12-08T04:05:42.314000+00:00,price_change,0.21,SELL,208.25,0.15,0.18
2025-12-08T04:05:42.410000+00:00,price_change,0.21,SELL,228.25,0.15,0.18
2025-12-08T04:05:42.994000+00:00,price_change,0.21,SELL,208.25,0.15,0.18
2025-12-08T04:05:43.313000+00:00,price_change,0.21,SELL,228.25,0.15,0.18
2025-12-08T04:05:43.846000+00:00,price_change,0.21,SELL,208.25,0.15,0.18
2025-12-08T04:05:43.915000+00:00,price_change,0.21,SELL,228.25,0.15,0.18
2025-12-08T04:05:44.357000+00:00,price_change,0.21,SELL,208.25,0.15,0.18
2025-12-08T04:05:44.510000+00:00,price_change,0.21,SELL,228.25,0.15,0.18
2025-12-08T04:05:45.036000+00:00,price_change,0.21,SELL,208.25,0.15,0.18
2025-12-08T04:05:45.112000+00:00,price_change,0.21,SELL,228.25,0.15,0.18
2025-12-08T04:05:45.747000+00:00,price_change,0.21,SELL,208.25,0.15,0.18
2025-12-08T04:05:45.863000+00:00,price_change,0.21,SELL,228.25,0.15,0.18
2025-12-08T04:05:46.397000+00:00,price_change,0.21,SELL,208.25,0.15,0.18
2025-12-08T04:05:46.463000+00:00,price_change,0.21,SELL,228.25,0.15,0.18
2025-12-08T04:05:46.909000+00:00,price_change,0.21,SELL,208.25,0.15,0.18
2025-12-08T04:05:47.066000+00:00,price_change,0.21,SELL,228.25,0.15,0.18
2025-12-08T04:05:47.589000+00:00,price_change,0.21,SELL,208.25,0.15,0.18
2025-12-08T04:05:47.666000+00:00,price_change,0.21,SELL,228.25,0.15,0.18
2025-12-08T04:05:48.100000+00:00,price_change,0.21,SELL,208.25,0.15,0.18
2025-12-08T04:05:48.273000+00:00,price_change,0.21,SELL,228.25,0.15,0.18
2025-12-08T04:05:48.779000+00:00,price_change,0.21,SELL,208.25,0.15,0.18
2025-12-08T04:05:49.173000+00:00,price_change,0.21,SELL,228.25,0.15,0.18
2025-12-08T04:05:49.657000+00:00,price_change,0.21,SELL,208.25,0.15,0.18
2025-12-08T04:05:49.769000+00:00,price_change,0.21,SELL,228.25,0.15,0.18
2025-12-08T04:05:50.311000+00:00,price_change,0.21,SELL,208.25,0.15,0.18
2025-12-08T04:05:50.370000+00:00,price_change,0.21,SELL,228.25,0.15,0.18
2025-12-08T04:05:50.821000+00:00,price_change,0.21,SELL,208.25,0.15,0.18
2025-12-08T04:05:50.968000+00:00,price_change,0.21,SELL,228.25,0.15,0.18
2025-12-08T04:05:51.502000+00:00,price_change,0.21,SELL,208.25,0.15,0.18
2025-12-08T04:05:51.575000+00:00,price_change,0.21,SELL,228.25,0.15,0.18
2025-12-08T04:05:52.015000+00:00,price_change,0.21,SELL,208.25,0.15,0.18
2025-12-08T04:05:52.181000+00:00,price_change,0.21,SELL,228.25,0.15,0.18
2025-12-08T04:05:52.692000+00:00,price_change,0.21,SELL,208.25,0.15,0.18
2025-12-08T04:05:52.773000+00:00,price_change,0.21,SELL,228.25,0.15,0.18
2025-12-08T04:05:53.203000+00:00,price_change,0.21,SELL,208.25,0.15,0.18
2025-12-08T04:05:53.374000+00:00,price_change,0.21,SELL,228.25,0.15,0.18
2025-12-08T04:05:53.893000+00:00,price_change,0.21,SELL,208.25,0.15,0.18
2025-12-08T04:05:53.973000+00:00,price_change,0.21,SELL,228.25,0.15,0.18
2025-12-08T04:05:54.394000+00:00,price_change,0.21,SELL,208.25,0.15,0.18
2025-12-08T04:05:54.873000+00:00,price_change,0.21,SELL,228.25,0.15,0.18
2025-12-08T04:05:55.415000+00:00,price_change,0.21,SELL,208.25,0.15,0.18
2025-12-08T04:05:55.624000+00:00,price_change,0.21,SELL,228.25,0.15,0.18
2025-12-08T04:05:56.120000+00:00,price_change,0.21,SELL,208.25,0.15,0.18
2025-12-08T04:05:56.228000+00:00,price_change,0.21,SELL,228.25,0.15,0.18
2025-12-08T04:05:56.778000+00:00,price_change,0.21,SELL,208.25,0.15,0.18
2025-12-08T04:05:56.827000+00:00,price_change,0.21,SELL,228.25,0.15,0.18
2025-12-08T04:05:57.229000+00:00,price_change,0.71,SELL,1034,0.15,0.18
2025-12-08T04:05:57.312000+00:00,price_change,0.21,SELL,208.25,0.15,0.18
2025-12-08T04:05:57.727000+00:00,price_change,0.21,SELL,228.25,0.15,0.18
2025-12-08T04:05:58.311000+00:00,price_change,0.21,SELL,208.25,0.15,0.18
2025-12-08T04:05:58.928000+00:00,price_change,0.21,SELL,228.25,0.15,0.18
2025-12-08T04:05:59.498000+00:00,price_change,0.21,SELL,208.25,0.15,0.18
2025-12-08T04:05:59.707000+00:00,price_change,0.21,SELL,228.25,0.15,0.18
2025-12-08T04:06:00.177000+00:00,price_change,0.21,SELL,208.25,0.15,0.18
2025-12-08T04:06:00.731000+00:00,price_change,0.21,SELL,228.25,0.15,0.18
2025-12-08T04:06:01.213000+00:00,price_change,0.21,SELL,208.25,0.15,0.18
2025-12-08T04:06:01.331000+00:00,price_change,0.21,SELL,228.25,0.15,0.18
2025-12-08T04:06:01.881000+00:00,price_change,0.21,SELL,208.25,0.15,0.18
2025-12-08T04:06:02.124000+00:00,price_change,0.21,SELL,228.25,0.15,0.18
2025-12-08T04:06:02.564000+00:00,price_change,0.21,SELL,208.25,0.15,0.18
2025-12-08T04:06:02.686000+00:00,price_change,0.21,SELL,228.25,0.15,0.18
2025-12-08T04:06:03.241000+00:00,price_change,0.21,SELL,208.25,0.15,0.18
2025-12-08T04:06:03.463000+00:00,price_change,0.21,SELL,228.25,0.15,0.18
2025-12-08T04:06:03.922000+00:00,price_change,0.21,SELL,208.25,0.15,0.18
2025-12-08T04:06:04.035000+00:00,price_change,0.21,SELL,228.25,0.15,0.18
2025-12-08T04:06:04.601000+00:00,price_change,0.21,SELL,208.25,0.15,0.18
2025-12-08T04:06:04.813000+00:00,price_change,0.21,SELL,228.25,0.15,0.18
2025-12-08T04:06:05.282000+00:00,price_change,0.21,SELL,208.25,0.15,0.18
2025-12-08T04:06:05.389000+00:00,price_change,0.21,SELL,228.25,0.15,0.18
2025-12-08T04:06:05.962000+00:00,price_change,0.21,SELL,208.25,0.15,0.18
2025-12-08T04:06:06.170000+00:00,price_change,0.21,SELL,228.25,0.15,0.18
2025-12-08T04:06:06.650000+00:00,price_change,0.21,SELL,208.25,0.15,0.18
2025-12-08T04:06:06.749000+00:00,price_change,0.21,SELL,228.25,0.15,0.18
2025-12-08T04:06:07.326000+00:00,price_change,0.21,SELL,208.25,0.15,0.18
2025-12-08T04:06:07.493000+00:00,price_change,0.21,SELL,228.25,0.15,0.18
2025-12-08T04:06:08.008000+00:00,price_change,0.21,SELL,208.25,0.15,0.18
2025-12-08T04:06:08.392000+00:00,price_change,0.21,SELL,228.25,0.15,0.18
2025-12-08T04:06:08.878000+00:00,price_change,0.21,SELL,208.25,0.15,0.18
2025-12-08T04:06:08.996000+00:00,price_change,0.21,SELL,228.25,0.15,0.18
2025-12-08T04:06:09.536000+00:00,price_change,0.21,SELL,208.25,0.15,0.18
2025-12-08T04:06:09.743000+00:00,price_change,0.21,SELL,228.25,0.15,0.18
2025-12-08T04:06:10.215000+00:00,price_change,0.21,SELL,208.25,0.15,0.18
2025-12-08T04:06:10.344000+00:00,price_change,0.21,SELL,228.25,0.15,0.18
2025-12-08T04:06:10.897000+00:00,price_change,0.21,SELL,208.25,0.15,0.18
2025-12-08T04:06:10.949000+00:00,price_change,0.21,SELL,228.25,0.15,0.18
2025-12-08T04:06:11.580000+00:00,price_change,0.21,SELL,208.25,0.15,0.18
2025-12-08T04:06:11.706000+00:00,price_change,0.21,SELL,228.25,0.15,0.18
2025-12-08T04:06:12.259000+00:00,price_change,0.21,SELL,208.25,0.15,0.18
2025-12-08T04:06:12.472000+00:00,price_change,0.21,SELL,228.25,0.15,0.18
2025-12-08T04:06:13.111000+00:00,price_change,0.21,SELL,208.25,0.15,0.18
2025-12-08T04:06:13.350000+00:00,price_change,0.21,SELL,228.25,0.15,0.18
2025-12-08T04:06:13.794000+00:00,price_change,0.21,SELL,208.25,0.15,0.18
2025-12-08T04:06:14.102000+00:00,price_change,0.21,SELL,228.25,0.15,0.18
2025-12-08T04:06:14.638000+00:00,price_change,0.21,SELL,208.25,0.15,0.18
2025-12-08T04:06:14.853000+00:00,price_change,0.21,SELL,228.25,0.15,0.18
2025-12-08T04:06:15.334000+00:00,price_change,0.21,SELL,208.25,0.15,0.18
2025-12-08T04:06:15.456000+00:00,price_change,0.21,SELL,228.25,0.15,0.18
2025-12-08T04:06:16+00:00,price_change,0.21,SELL,208.25,0.15,0.18
2025-12-08T04:06:16.206000+00:00,price_change,0.21,SELL,228.25,0.15,0.18
2025-12-08T04:06:16.701000+00:00,price_change,0.21,SELL,208.25,0.15,0.18
2025-12-08T04:06:16.954000+00:00,price_change,0.21,SELL,228.25,0.15,0.18
2025-12-08T04:06:17.532000+00:00,price_change,0.21,SELL,208.25,0.15,0.18
2025-12-08T04:06:17.855000+00:00,price_change,0.21,SELL,228.25,0.15,0.18
2025-12-08T04:06:18.382000+00:00,price_change,0.21,SELL,208.25,0.15,0.18
2025-12-08T04:06:18.759000+00:00,price_change,0.21,SELL,228.25,0.15,0.18
2025-12-08T04:06:19.243000+00:00,price_change,0.21,SELL,208.25,0.15,0.18
2025-12-08T04:06:19.372000+00:00,price_change,0.21,SELL,228.25,0.15,0.18
2025-12-08T04:06:19.913000+00:00,price_change,0.21,SELL,208.25,0.15,0.18
2025-12-08T04:06:20.560000+00:00,price_change,0.21,SELL,228.25,0.15,0.18
2025-12-08T04:06:21.106000+00:00,price_change,0.21,SELL,208.25,0.15,0.18
2025-12-08T04:06:21.161000+00:00,price_change,0.21,SELL,228.25,0.15,0.18
2025-12-08T04:06:21.643000+00:00,price_change,0.21,SELL,208.25,0.15,0.18
2025-12-08T04:06:21.762000+00:00,price_change,0.21,SELL,228.25,0.15,0.18
2025-12-08T04:06:22.299000+00:00,price_change,0.21,SELL,208.25,0.15,0.18
2025-12-08T04:06:22.367000+00:00,price_change,0.21,SELL,228.25,0.15,0.18
2025-12-08T04:06:22.809000+00:00,price_change,0.21,SELL,208.25,0.15,0.18
2025-12-08T04:06:22.968000+00:00,price_change,0.21,SELL,228.25,0.15,0.18
2025-12-08T04:06:23.490000+00:00,price_change,0.21,SELL,208.25,0.15,0.18
2025-12-08T04:06:23.867000+00:00,price_change,0.21,SELL,228.25,0.15,0.18
2025-12-08T04:06:24.343000+00:00,price_change,0.21,SELL,208.25,0.15,0.18
2025-12-08T04:06:24.464000+00:00,price_change,0.21,SELL,228.25,0.15,0.18
2025-12-08T04:06:25.018000+00:00,price_change,0.21,SELL,208.25,0.15,0.18
2025-12-08T04:06:25.066000+00:00,price_change,0.21,SELL,228.25,0.15,0.18
2025-12-08T04:06:25.547000+00:00,price_change,0.21,SELL,208.25,0.15,0.18
2025-12-08T04:06:25.665000+00:00,price_change,0.21,SELL,228.25,0.15,0.18
2025-12-08T04:06:26.233000+00:00,price_change,0.21,SELL,208.25,0.15,0.18
2025-12-08T04:06:26.429000+00:00,price_change,0.21,SELL,228.25,0.15,0.18
2025-12-08T04:06:26.908000+00:00,price_change,0.21,SELL,208.25,0.15,0.18
2025-12-08T04:06:27.018000+00:00,price_change,0.21,SELL,228.25,0.15,0.18
2025-12-08T04:06:27.590000+00:00,price_change,0.21,SELL,208.25,0.15,0.18
2025-12-08T04:06:27.794000+00:00,price_change,0.21,SELL,228.25,0.15,0.18
2025-12-08T04:06:28.266000+00:00,price_change,0.21,SELL,208.25,0.15,0.18
2025-12-08T04:06:28.373000+00:00,price_change,0.21,SELL,228.25,0.15,0.18
2025-12-08T04:06:28.947000+00:00,price_change,0.21,SELL,208.25,0.15,0.18
2025-12-08T04:06:29.150000+00:00,price_change,0.21,SELL,228.25,0.15,0.18
2025-12-08T04:06:29.628000+00:00,price_change,0.21,SELL,208.25,0.15,0.18
2025-12-08T04:06:29.726000+00:00,price_change,0.21,SELL,228.25,0.15,0.18
2025-12-08T04:06:30.307000+00:00,price_change,0.21,SELL,208.25,0.15,0.18
2025-12-08T04:06:30.478000+00:00,price_change,0.21,SELL,228.25,0.15,0.18
2025-12-08T04:06:30.994000+00:00,price_change,0.21,SELL,208.25,0.15,0.18
2025-12-08T04:06:31.078000+00:00,price_change,0.21,SELL,228.25,0.15,0.18
2025-12-08T04:06:31.673000+00:00,price_change,0.21,SELL,208.25,0.15,0.18
2025-12-08T04:06:31.831000+00:00,price_change,0.21,SELL,228.25,0.15,0.18
2025-12-08T04:06:32.355000+00:00,price_change,0.21,SELL,208.25,0.15,0.18
2025-12-08T04:06:32.435000+00:00,price_change,0.21,SELL,228.25,0.15,0.18
2025-12-08T04:06:32.877000+00:00,price_change,0.21,SELL,208.25,0.15,0.18
2025-12-08T04:06:33.031000+00:00,price_change,0.21,SELL,228.25,0.15,0.18
2025-12-08T04:06:33.552000+00:00,price_change,0.21,SELL,208.25,0.15,0.18
2025-12-08T04:06:33.638000+00:00,price_change,0.21,SELL,228.25,0.15,0.18
2025-12-08T04:06:34.228000+00:00,price_change,0.21,SELL,208.25,0.15,0.18
2025-12-08T04:06:34.383000+00:00,price_change,0.21,SELL,228.25,0.15,0.18
2025-12-08T04:06:34.907000+00:00,price_change,0.21,SELL,208.25,0.15,0.18
2025-12-08T04:06:34.983000+00:00,price_change,0.21,SELL,228.25,0.15,0.18
2025-12-08T04:06:35.417000+00:00,price_change,0.21,SELL,208.25,0.15,0.18
2025-12-08T04:06:35.586000+00:00,price_change,0.21,SELL,228.25,0.15,0.18
2025-12-08T04:06:36.099000+00:00,price_change,0.21,SELL,208.25,0.15,0.18
2025-12-08T04:06:36.187000+00:00,price_change,0.21,SELL,228.25,0.15,0.18
2025-12-08T04:06:36.608000+00:00,price_change,0.21,SELL,208.25,0.15,0.18
2025-12-08T04:06:36.811000+00:00,price_change,0.21,SELL,228.25,0.15,0.18
2025-12-08T04:06:37.288000+00:00,price_change,0.21,SELL,208.25,0.15,0.18
2025-12-08T04:06:37.388000+00:00,price_change,0.21,SELL,228.25,0.15,0.18
2025-12-08T04:06:37.969000+00:00,price_change,0.21,SELL,208.25,0.15,0.18
2025-12-08T04:06:38.146000+00:00,price_change,0.21,SELL,228.25,0.15,0.18
2025-12-08T04:06:38.652000+00:00,price_change,0.21,SELL,208.25,0.15,0.18
2025-12-08T04:06:38.740000+00:00,price_change,0.21,SELL,228.25,0.15,0.18
2025-12-08T04:06:39.329000+00:00,price_change,0.21,SELL,208.25,0.15,0.18
2025-12-08T04:06:39.490000+00:00,price_change,0.21,SELL,228.25,0.15,0.18
2025-12-08T04:06:40.018000+00:00,price_change,0.21,SELL,208.25,0.15,0.18
2025-12-08T04:06:40.094000+00:00,price_change,0.21,SELL,228.25,0.15,0.18
2025-12-08T04:06:40.135000+00:00,price_change,0.22,SELL,500,0.15,0.18
2025-12-08T04:06:40.264000+00:00,price_change,0.22,SELL,520,0.15,0.18
2025-12-08T04:06:40.693000+00:00,price_change,0.21,SELL,208.25,0.15,0.18
2025-12-08T04:06:40.840000+00:00,price_change,0.21,SELL,228.25,0.15,0.18
2025-12-08T04:06:41.373000+00:00,price_change,0.21,SELL,208.25,0.15,0.18
2025-12-08T04:06:41.442000+00:00,price_change,0.21,SELL,228.25,0.15,0.18
2025-12-08T04:06:41.885000+00:00,price_change,0.21,SELL,208.25,0.15,0.18
2025-12-08T04:06:42.045000+00:00,price_change,0.21,SELL,228.25,0.15,0.18
2025-12-08T04:06:42.565000+00:00,price_change,0.21,SELL,208.25,0.15,0.18
2025-12-08T04:06:42.642000+00:00,price_change,0.21,SELL,228.25,0.15,0.18
2025-12-08T04:06:43.073000+00:00,price_change,0.21,SELL,208.25,0.15,0.18
2025-12-08T04:06:43.254000+00:00,price_change,0.21,SELL,228.25,0.15,0.18
2025-12-08T04:06:43.754000+00:00,price_change,0.21,SELL,208.25,0.15,0.18
2025-12-08T04:06:43.844000+00:00,price_change,0.21,SELL,228.25,0.15,0.18
2025-12-08T04:06:44.435000+00:00,price_change,0.21,SELL,208.25,0.15,0.18
2025-12-08T04:06:44.596000+00:00,price_change,0.21,SELL,228.25,0.15,0.18
2025-12-08T04:06:45.114000+00:00,price_change,0.21,SELL,208.25,0.15,0.18
2025-12-08T04:06:45.196000+00:00,price_change,0.21,SELL,228.25,0.15,0.18
2025-12-08T04:06:45.826000+00:00,price_change,0.21,SELL,208.25,0.15,0.18
2025-12-08T04:06:45.944000+00:00,price_change,0.21,SELL,228.25,0.15,0.18
2025-12-08T04:06:46.475000+00:00,price_change,0.21,SELL,208.25,0.15,0.18
2025-12-08T04:06:46.546000+00:00,price_change,0.21,SELL,228.25,0.15,0.18
2025-12-08T04:06:46.986000+00:00,price_change,0.21,SELL,208.25,0.15,0.18
2025-12-08T04:06:47.145000+00:00,price_change,0.21,SELL,228.25,0.15,0.18
2025-12-08T04:06:47.679000+00:00,price_change,0.21,SELL,208.25,0.15,0.18
2025-12-08T04:06:47.747000+00:00,price_change,0.21,SELL,228.25,0.15,0.18
2025-12-08T04:06:48.177000+00:00,price_change,0.21,SELL,208.25,0.15,0.18
2025-12-08T04:06:48.358000+00:00,price_change,0.21,SELL,228.25,0.15,0.18
2025-12-08T04:06:48.859000+00:00,price_change,0.21,SELL,208.25,0.15,0.18
2025-12-08T04:06:48.970000+00:00,price_change,0.21,SELL,228.25,0.15,0.18
2025-12-08T04:06:49.540000+00:00,price_change,0.21,SELL,208.25,0.15,0.18
2025-12-08T04:06:49.700000+00:00,price_change,0.21,SELL,228.25,0.15,0.18
2025-12-08T04:06:50.221000+00:00,price_change,0.21,SELL,208.25,0.15,0.18
2025-12-08T04:06:50.306000+00:00,price_change,0.21,SELL,228.25,0.15,0.18
2025-12-08T04:06:50.730000+00:00,price_change,0.21,SELL,208.25,0.15,0.18
2025-12-08T04:06:50.907000+00:00,price_change,0.21,SELL,228.25,0.15,0.18
2025-12-08T04:06:51.410000+00:00,price_change,0.21,SELL,208.25,0.15,0.18
2025-12-08T04:06:51.501000+00:00,price_change,0.21,SELL,228.25,0.15,0.18
2025-12-08T04:06:52.093000+00:00,price_change,0.21,SELL,208.25,0.15,0.18
2025-12-08T04:06:52.251000+00:00,price_change,0.21,SELL,228.25,0.15,0.18
2025-12-08T04:06:52.773000+00:00,price_change,0.21,SELL,208.25,0.15,0.18
2025-12-08T04:06:52.853000+00:00,price_change,0.21,SELL,228.25,0.15,0.18
2025-12-08T04:06:53.288000+00:00,price_change,0.21,SELL,208.25,0.15,0.18
2025-12-08T04:06:53.457000+00:00,price_change,0.21,SELL,228.25,0.15,0.18
2025-12-08T04:06:53.966000+00:00,price_change,0.21,SELL,208.25,0.15,0.18
2025-12-08T04:06:54.052000+00:00,price_change,0.21,SELL,228.25,0.15,0.18
2025-12-08T04:06:54.472000+00:00,price_change,0.21,SELL,208.25,0.15,0.18
2025-12-08T04:06:54.681000+00:00,price_change,0.21,SELL,228.25,0.15,0.18
2025-12-08T04:06:55.154000+00:00,price_change,0.21,SELL,208.25,0.15,0.18
2025-12-08T04:06:55.255000+00:00,price_change,0.21,SELL,228.25,0.15,0.18
2025-12-08T04:06:55.833000+00:00,price_change,0.21,SELL,208.25,0.15,0.18
2025-12-08T04:06:56.005000+00:00,price_change,0.21,SELL,228.25,0.15,0.18
2025-12-08T04:06:56.516000+00:00,price_change,0.21,SELL,208.25,0.15,0.18
2025-12-08T04:06:56.605000+00:00,price_change,0.21,SELL,228.25,0.15,0.18
2025-12-08T04:06:57.025000+00:00,price_change,0.21,SELL,208.25,0.15,0.18
2025-12-08T04:06:57.356000+00:00,price_change,0.21,SELL,228.25,0.15,0.18
2025-12-08T04:06:57.877000+00:00,price_change,0.21,SELL,208.25,0.15,0.18
2025-12-08T04:06:57.956000+00:00,price_change,0.21,SELL,228.25,0.15,0.18
2025-12-08T04:06:58.556000+00:00,price_change,0.21,SELL,208.25,0.15,0.18
2025-12-08T04:06:58.711000+00:00,price_change,0.21,SELL,228.25,0.15,0.18
2025-12-08T04:06:59.239000+00:00,price_change,0.21,SELL,208.25,0.15,0.18
2025-12-08T04:06:59.310000+00:00,price_change,0.21,SELL,228.25,0.15,0.18
2025-12-08T04:06:59.751000+00:00,price_change,0.21,SELL,208.25,0.15,0.18
2025-12-08T04:06:59.912000+00:00,price_change,0.21,SELL,228.25,0.15,0.18
2025-12-08T04:07:00.430000+00:00,price_change,0.21,SELL,208.25,0.15,0.18
2025-12-08T04:07:00.512000+00:00,price_change,0.21,SELL,228.25,0.15,0.18
2025-12-08T04:07:01.110000+00:00,price_change,0.21,SELL,208.25,0.15,0.18
2025-12-08T04:07:01.267000+00:00,price_change,0.21,SELL,228.25,0.15,0.18
2025-12-08T04:07:01.789000+00:00,price_change,0.21,SELL,208.25,0.15,0.18
2025-12-08T04:07:01.867000+00:00,price_change,0.21,SELL,228.25,0.15,0.18
2025-12-08T04:07:02.301000+00:00,price_change,0.21,SELL,208.25,0.15,0.18
2025-12-08T04:07:02.468000+00:00,price_change,0.21,SELL,228.25,0.15,0.18
2025-12-08T04:07:02.983000+00:00,price_change,0.21,SELL,208.25,0.15,0.18
2025-12-08T04:07:03.074000+00:00,price_change,0.21,SELL,228.25,0.15,0.18
2025-12-08T04:07:03.661000+00:00,price_change,0.21,SELL,208.25,0.15,0.18
2025-12-08T04:07:03.851000+00:00,price_change,0.21,SELL,228.25,0.15,0.18
2025-12-08T04:07:04.356000+00:00,price_change,0.21,SELL,208.25,0.15,0.18
2025-12-08T04:07:04.425000+00:00,price_change,0.21,SELL,228.25,0.15,0.18
2025-12-08T04:07:04.870000+00:00,price_change,0.21,SELL,208.25,0.15,0.18
2025-12-08T04:07:05.033000+00:00,price_change,0.21,SELL,228.25,0.15,0.18
2025-12-08T04:07:05.552000+00:00,price_change,0.21,SELL,208.25,0.15,0.18
2025-12-08T04:07:05.627000+00:00,price_change,0.21,SELL,228.25,0.15,0.18
2025-12-08T04:07:06.058000+00:00,price_change,0.21,SELL,208.25,0.15,0.18
2025-12-08T04:07:06.227000+00:00,price_change,0.21,SELL,228.25,0.15,0.18
2025-12-08T04:07:06.740000+00:00,price_change,0.21,SELL,208.25,0.15,0.18
2025-12-08T04:07:06.827000+00:00,price_change,0.21,SELL,228.25,0.15,0.18
2025-12-08T04:07:07.422000+00:00,price_change,0.21,SELL,208.25,0.15,0.18
2025-12-08T04:07:07.580000+00:00,price_change,0.21,SELL,228.25,0.15,0.18
2025-12-08T04:07:08.105000+00:00,price_change,0.21,SELL,208.25,0.15,0.18
2025-12-08T04:07:08.185000+00:00,price_change,0.21,SELL,228.25,0.15,0.18
2025-12-08T04:07:08.613000+00:00,price_change,0.21,SELL,208.25,0.15,0.18
2025-12-08T04:07:08.795000+00:00,price_change,0.21,SELL,228.25,0.15,0.18
2025-12-08T04:07:09.293000+00:00,price_change,0.21,SELL,208.25,0.15,0.18
2025-12-08T04:07:11.209000+00:00,price_change,0.21,SELL,228.25,0.15,0.18
2025-12-08T04:07:11.676000+00:00,price_change,0.21,SELL,208.25,0.15,0.18
2025-12-08T04:07:11.788000+00:00,price_change,0.21,SELL,228.25,0.15,0.18
2025-12-08T04:07:37.540000+00:00,price_change,0.21,SELL,208.25,0.15,0.18
2025-12-08T04:07:37.618000+00:00,price_change,0.21,SELL,228.25,0.15,0.18
2025-12-08T04:07:38.050000+00:00,price_change,0.21,SELL,208.25,0.15,0.18
2025-12-08T04:07:38.217000+00:00,price_change,0.21,SELL,228.25,0.15,0.18
2025-12-08T04:07:38.731000+00:00,price_change,0.21,SELL,208.25,0.15,0.18
2025-12-08T04:07:38.812000+00:00,price_change,0.21,SELL,228.25,0.15,0.18
2025-12-08T04:07:39.243000+00:00,price_change,0.21,SELL,208.25,0.15,0.18
2025-12-08T04:07:39.416000+00:00,price_change,0.21,SELL,228.25,0.15,0.18
2025-12-08T04:07:39.919000+00:00,price_change,0.21,SELL,208.25,0.15,0.18
2025-12-08T04:07:40.014000+00:00,price_change,0.21,SELL,228.25,0.15,0.18
2025-12-08T04:07:40.601000+00:00,price_change,0.21,SELL,208.25,0.15,0.18
2025-12-08T04:07:40.765000+00:00,price_change,0.21,SELL,228.25,0.15,0.18
2025-12-08T04:07:41.281000+00:00,price_change,0.21,SELL,208.25,0.15,0.18
2025-12-08T04:07:41.364000+00:00,price_change,0.21,SELL,228.25,0.15,0.18
2025-12-08T04:07:41.963000+00:00,price_change,0.21,SELL,208.25,0.15,0.18
2025-12-08T04:07:42.118000+00:00,price_change,0.21,SELL,228.25,0.15,0.18
2025-12-08T04:07:42.657000+00:00,price_change,0.21,SELL,208.25,0.15,0.18
2025-12-08T04:07:42.721000+00:00,price_change,0.21,SELL,228.25,0.15,0.18
2025-12-08T04:07:43.159000+00:00,price_change,0.21,SELL,208.25,0.15,0.18
2025-12-08T04:07:43.322000+00:00,price_change,0.21,SELL,228.25,0.15,0.18
2025-12-08T04:07:43.839000+00:00,price_change,0.21,SELL,208.25,0.15,0.18
2025-12-08T04:07:43.920000+00:00,price_change,0.21,SELL,228.25,0.15,0.18
2025-12-08T04:07:44.347000+00:00,price_change,0.21,SELL,208.25,0.15,0.18
2025-12-08T04:07:44.521000+00:00,price_change,0.21,SELL,228.25,0.15,0.18
2025-12-08T04:07:45.028000+00:00,price_change,0.21,SELL,208.25,0.15,0.18
2025-12-08T04:07:45.120000+00:00,price_change,0.21,SELL,228.25,0.15,0.18
2025-12-08T04:07:45.713000+00:00,price_change,0.21,SELL,208.25,0.15,0.18
2025-12-08T04:07:45.881000+00:00,price_change,0.21,SELL,228.25,0.15,0.18
2025-12-08T04:07:46.389000+00:00,price_change,0.21,SELL,208.25,0.15,0.18
2025-12-08T04:07:46.473000+00:00,price_change,0.21,SELL,228.25,0.15,0.18
2025-12-08T04:07:46.900000+00:00,price_change,0.21,SELL,208.25,0.15,0.18
2025-12-08T04:07:47.076000+00:00,price_change,0.21,SELL,228.25,0.15,0.18
2025-12-08T04:07:47.581000+00:00,price_change,0.21,SELL,208.25,0.15,0.18
2025-12-08T04:07:47.672000+00:00,price_change,0.21,SELL,228.25,0.15,0.18
2025-12-08T04:07:48.267000+00:00,price_change,0.21,SELL,208.25,0.15,0.18
2025-12-08T04:07:48.430000+00:00,price_change,0.21,SELL,228.25,0.15,0.18
2025-12-08T04:07:48.946000+00:00,price_change,0.21,SELL,208.25,0.15,0.18
2025-12-08T04:07:49.024000+00:00,price_change,0.21,SELL,228.25,0.15,0.18
2025-12-08T04:07:49.459000+00:00,price_change,0.21,SELL,208.25,0.15,0.18
2025-12-08T04:07:49.624000+00:00,price_change,0.21,SELL,228.25,0.15,0.18
2025-12-08T04:07:50.138000+00:00,price_change,0.21,SELL,208.25,0.15,0.18
2025-12-08T04:07:50.224000+00:00,price_change,0.21,SELL,228.25,0.15,0.18
2025-12-08T04:07:50.661000+00:00,price_change,0.21,SELL,208.25,0.15,0.18
2025-12-08T04:07:50.851000+00:00,price_change,0.21,SELL,228.25,0.15,0.18
2025-12-08T04:07:51.328000+00:00,price_change,0.21,SELL,208.25,0.15,0.18
2025-12-08T04:07:51.433000+00:00,price_change,0.21,SELL,228.25,0.15,0.18
2025-12-08T04:07:52.008000+00:00,price_change,0.21,SELL,208.25,0.15,0.18
2025-12-08T04:07:52.178000+00:00,price_change,0.21,SELL,228.25,0.15,0.18
2025-12-08T04:07:52.200000+00:00,price_change,0.2,SELL,46.84,0.15,0.18
2025-12-08T04:07:52.698000+00:00,price_change,0.21,SELL,208.25,0.15,0.18
2025-12-08T04:07:52.790000+00:00,price_change,0.24,SELL,6847.88,0.15,0.18
2025-12-08T04:12:39.108000+00:00,price_change,0.13,BUY,1390.9,0.15,0.18
2025-12-08T04:12:52.584000+00:00,price_change,0.13,BUY,183.9,0.15,0.18
2025-12-08T04:13:00.789000+00:00,price_change,0.71,SELL,0,0.15,0.18
2025-12-08T04:13:36.813000+00:00,price_change,0.13,BUY,1390.9,0.15,0.18
2025-12-08T04:13:50.354000+00:00,price_change,0.13,BUY,183.9,0.15,0.18
2025-12-08T04:17:15.014000+00:00,price_change,0.22,SELL,500,0.15,0.18
2025-12-08T04:17:15.113000+00:00,price_change,0.24,SELL,6867.88,0.15,0.18
2025-12-08T04:18:32.175000+00:00,price_change,0.71,SELL,1034,0.15,0.18
2025-12-08T04:18:33.763000+00:00,price_change,0.11,BUY,10,0.15,0.18
2025-12-08T04:18:33.860000+00:00,price_change,0.21,SELL,218.25,0.15,0.18
2025-12-08T04:20:02.251000+00:00,price_change,0.91,SELL,100,0.15,0.18
2025-12-08T04:20:02.348000+00:00,price_change,0.84,SELL,0,0.15,0.18
2025-12-08T04:20:03.057000+00:00,price_change,0.82,SELL,0,0.15,0.18
2025-12-08T04:21:55.570000+00:00,price_change,0.24,SELL,6847.88,0.15,0.18
2025-12-08T04:21:55.574000+00:00,price_change,0.81,SELL,0,0.15,0.18
2025-12-08T04:21:55.719000+00:00,price_change,0.25,SELL,5020,0.15,0.18
2025-12-08T04:21:55.805000+00:00,price_change,0.13,BUY,1390.9,0.15,0.18
2025-12-08T04:21:56.856000+00:00,price_change,0.82,SELL,5.91,0.15,0.18
2025-12-08T04:22:03.240000+00:00,price_change,0.9,SELL,2400,0.15,0.18
2025-12-08T04:22:17.457000+00:00,price_change,0.71,SELL,0,0.15,0.18
2025-12-08T04:22:44.527000+00:00,price_change,0.91,SELL,0,0.15,0.18
2025-12-08T04:22:45.087000+00:00,price_change,0.93,SELL,200,0.15,0.18
2025-12-08T04:23:48.277000+00:00,price_change,0.13,BUY,183.9,0.15,0.18
2025-12-08T04:24:17.290000+00:00,price_change,0.82,SELL,893.91,0.15,0.18
2025-12-08T04:26:31.881000+00:00,price_change,0.82,SELL,888,0.15,0.18
2025-12-08T04:26:32.341000+00:00,price_change,0.81,SELL,5.39,0.15,0.18
2025-12-08T04:27:23.286000+00:00,price_change,0.84,SELL,1000,0.15,0.18
2025-12-08T04:30:28.001000+00:00,price_change,0.13,BUY,1390.9,0.15,0.18
2025-12-08T04:30:53.118000+00:00,price_change,0.13,BUY,183.9,0.15,0.18
2025-12-08T04:31:13.772000+00:00,price_change,0.71,SELL,1034,0.15,0.18
2025-12-08T04:35:44+00:00,price_change,0.2,SELL,36.84,0.15,0.18
2025-12-08T04:35:48.009000+00:00,price_change,0.2,SELL,46.84,0.15,0.18
2025-12-08T04:36:50.152000+00:00,price_change,0.21,SELL,208.25,0.15,0.18
2025-12-08T04:36:50.153000+00:00,price_change,0.11,BUY,0,0.15,0.18
2025-12-08T04:39:44.294000+00:00,price_change,0.13,BUY,1390.9,0.15,0.18
2025-12-08T04:40:53.419000+00:00,price_change,0.13,BUY,183.9,0.15,0.18
2025-12-08T04:40:55.298000+00:00,price_change,0.13,BUY,1390.9,0.15,0.18
2025-12-08T04:41:22.503000+00:00,price_change,0.13,BUY,183.9,0.15,0.18
2025-12-08T04:42:06.496000+00:00,price_change,0.25,SELL,5000,0.15,0.18
2025-12-08T04:42:06.761000+00:00,price_change,0.24,SELL,6867.88,0.15,0.18
2025-12-08T04:43:23.510000+00:00,price_change,0.02,BUY,0,0.15,0.18
2025-12-08T04:43:23.685000+00:00,price_change,0.02,BUY,3038,0.15,0.18
2025-12-08T04:43:23.997000+00:00,price_change,0.63,SELL,40,0.15,0.18
2025-12-08T04:43:24.160000+00:00,price_change,0.63,SELL,3812,0.15,0.18
2025-12-08T04:50:02.506000+00:00,price_change,0.84,SELL,0,0.15,0.18
2025-12-08T04:50:02.586000+00:00,price_change,0.82,SELL,0,0.15,0.18
2025-12-08T04:50:02.645000+00:00,price_change,0.9,SELL,0,0.15,0.18
2025-12-08T04:50:13.073000+00:00,price_change,0.24,SELL,6847.88,0.15,0.18
2025-12-08T04:50:22.776000+00:00,price_change,0.25,SELL,5020,0.15,0.18
2025-12-08T04:50:58.889000+00:00,price_change,0.81,SELL,0,0.15,0.18
2025-12-08T04:50:59.258000+00:00,price_change,0.82,SELL,5.91,0.15,0.18
2025-12-08T04:52:15.220000+00:00,price_change,0.84,SELL,1000,0.15,0.18
2025-12-08T04:52:23.538000+00:00,price_change,0.92,SELL,3000,0.15,0.18
2025-12-08T04:52:41.149000+00:00,price_change,0.24,SELL,6827.88,0.15,0.18
2025-12-08T04:52:41.212000+00:00,price_change,0.25,SELL,5040,0.15,0.18
2025-12-08T04:54:25.030000+00:00,price_change,0.82,SELL,893.91,0.15,0.18
2025-12-08T04:54:30.778000+00:00,price_change,0.15,BUY,1338.86,0.15,0.18
2025-12-08T04:55:47.348000+00:00,price_change,0.82,SELL,888,0.15,0.18
2025-12-08T04:55:47.871000+00:00,price_change,0.81,SELL,5.39,0.15,0.18
2025-12-08T04:55:52.034000+00:00,price_change,0.93,SELL,0,0.15,0.18
2025-12-08T04:55:52.609000+00:00,price_change,0.92,SELL,3100,0.15,0.18
2025-12-08T04:59:52.001000+00:00,price_change,0.2,SELL,36.84,0.15,0.18
2025-12-08T04:59:57.009000+00:00,price_change,0.2,SELL,46.84,0.15,0.18
2025-12-08T05:06:43.784000+00:00,price_change,0.71,SELL,0,0.15,0.18
2025-12-08T05:10:32.598000+00:00,price_change,0.71,SELL,1034,0.15,0.18
2025-12-08T05:20:02.790000+00:00,price_change,0.92,SELL,100,0.15,0.18
2025-12-08T05:20:02.898000+00:00,price_change,0.84,SELL,0,0.15,0.18
2025-12-08T05:20:03.011000+00:00,price_change,0.82,SELL,0,0.15,0.18
2025-12-08T05:21:40.735000+00:00,price_change,0.81,SELL,0,0.15,0.18
2025-12-08T05:21:42.039000+00:00,price_change,0.82,SELL,5.91,0.15,0.18
2025-12-08T05:22:49.419000+00:00,price_change,0.02,BUY,0,0.15,0.18
2025-12-08T05:22:49.579000+00:00,price_change,0.02,BUY,3049,0.15,0.18
2025-12-08T05:22:49.866000+00:00,price_change,0.63,SELL,40,0.15,0.18
2025-12-08T05:22:50.028000+00:00,price_change,0.63,SELL,3817,0.15,0.18
2025-12-08T05:23:03.434000+00:00,price_change,0.84,SELL,1000,0.15,0.18
2025-12-08T05:23:58.555000+00:00,price_change,0.92,SELL,0,0.15,0.18
2025-12-08T05:23:58.890000+00:00,price_change,0.93,SELL,200,0.15,0.18
2025-12-08T05:24:22.777000+00:00,price_change,0.82,SELL,893.91,0.15,0.18
2025-12-08T05:26:38.443000+00:00,price_change,0.91,SELL,2666,0.15,0.18
2025-12-08T05:26:39.696000+00:00,price_change,0.82,SELL,888,0.15,0.18
2025-12-08T05:26:40.447000+00:00,price_change,0.81,SELL,5.39,0.15,0.18
2025-12-08T05:27:42.001000+00:00,price_change,0.2,SELL,36.84,0.15,0.18
2025-12-08T05:27:43.471000+00:00,price_change,0.2,SELL,46.84,0.15,0.18
2025-12-08T05:30:23.610000+00:00,price_change,0.93,SELL,0,0.15,0.18
2025-12-08T05:30:24.001000+00:00,price_change,0.91,SELL,2766,0.15,0.18
2025-12-08T05:40:34.090000+00:00,price_change,0.13,BUY,1101.9,0.15,0.18
2025-12-08T05:40:34.092000+00:00,price_change,0.22,SELL,2206,0.15,0.18
2025-12-08T05:40:34.093000+00:00,price_change,0.13,BUY,2330.9,0.15,0.18
2025-12-08T05:40:34.644000+00:00,price_change,0.25,SELL,5020,0.15,0.18
2025-12-08T05:40:34.802000+00:00,price_change,0.24,SELL,6847.88,0.15,0.18
2025-12-08T05:40:56.972000+00:00,price_change,0.21,SELL,216.25,0.15,0.18
2025-12-08T05:40:56.986000+00:00,price_change,0.13,BUY,1412.9,0.15,0.18
2025-12-08T05:40:56.987000+00:00,price_change,0.13,BUY,183.9,0.15,0.18
2025-12-08T05:40:56.987000+00:00,price_change,0.22,SELL,500,0.15,0.18
2025-12-08T05:42:53.674000+00:00,price_change,0.21,SELL,208.25,0.15,0.18
2025-12-08T05:43:09.264000+00:00,price_change,0.21,SELL,216.25,0.15,0.18
2025-12-08T05:43:16.766000+00:00,price_change,0.71,SELL,0,0.15,0.18
2025-12-08T05:43:26.791000+00:00,price_change,0.25,SELL,5000,0.15,0.18
2025-12-08T05:43:35.927000+00:00,price_change,0.24,SELL,6867.88,0.15,0.18
2025-12-08T05:44:05.205000+00:00,price_change,0.21,SELL,208.25,0.15,0.18
2025-12-08T05:44:12.705000+00:00,price_change,0.21,SELL,216.25,0.15,0.18
2025-12-08T05:44:40.848000+00:00,price_change,0.21,SELL,208.25,0.15,0.18
2025-12-08T05:45:06.706000+00:00,price_change,0.13,BUY,1412.9,0.15,0.18
2025-12-08T05:45:06.710000+00:00,price_change,0.13,BUY,2330.9,0.15,0.18
2025-12-08T05:45:06.713000+00:00,price_change,0.22,SELL,2206,0.15,0.18
2025-12-08T05:45:15.559000+00:00,price_change,0.13,BUY,1412.9,0.15,0.18
2025-12-08T05:45:15.560000+00:00,price_change,0.13,BUY,183.9,0.15,0.18
2025-12-08T05:45:15.560000+00:00,price_change,0.22,SELL,500,0.15,0.18
2025-12-08T05:45:24.359000+00:00,price_change,0.13,BUY,1412.9,0.15,0.18
2025-12-08T05:45:24.361000+00:00,price_change,0.22,SELL,2206,0.15,0.18
2025-12-08T05:45:24.382000+00:00,price_change,0.13,BUY,2330.9,0.15,0.18
2025-12-08T05:45:34.552000+00:00,price_change,0.13,BUY,1412.9,0.15,0.18
2025-12-08T05:45:34.553000+00:00,price_change,0.13,BUY,183.9,0.15,0.18
2025-12-08T05:45:34.553000+00:00,price_change,0.22,SELL,500,0.15,0.18
2025-12-08T05:45:34.554000+00:00,price_change,0.21,SELL,216.25,0.15,0.18
2025-12-08T05:48:58.294000+00:00,price_change,0.71,SELL,1034,0.15,0.18
2025-12-08T05:49:20.749000+00:00,price_change,0.21,SELL,208.25,0.15,0.18
2025-12-08T05:49:25.341000+00:00,price_change,0.24,SELL,6847.88,0.15,0.18
2025-12-08T05:49:25.461000+00:00,price_change,0.25,SELL,5020,0.15,0.18
2025-12-08T05:49:42.943000+00:00,price_change,0.21,SELL,216.25,0.15,0.18
2025-12-08T05:50:02.237000+00:00,price_change,0.82,SELL,0,0.15,0.18
2025-12-08T05:50:02.346000+00:00,price_change,0.84,SELL,0,0.15,0.18
2025-12-08T05:50:02.346000+00:00,price_change,0.91,SELL,100,0.15,0.18
2025-12-08T05:52:28.887000+00:00,price_change,0.81,SELL,0,0.15,0.18
2025-12-08T05:52:29.457000+00:00,price_change,0.82,SELL,5.91,0.15,0.18
2025-12-08T05:52:53.005000+00:00,price_change,0.2,SELL,36.84,0.15,0.18
2025-12-08T05:53:03.835000+00:00,price_change,0.2,SELL,46.84,0.15,0.18
2025-12-08T05:54:06.323000+00:00,price_change,0.9,SELL,2400,0.15,0.18
2025-12-08T05:54:13.797000+00:00,price_change,0.82,SELL,893.91,0.15,0.18
2025-12-08T05:54:47.955000+00:00,price_change,0.21,SELL,208.25,0.15,0.18
2025-12-08T05:54:54.202000+00:00,price_change,0.82,SELL,888,0.15,0.18
2025-12-08T05:54:54.931000+00:00,price_change,0.81,SELL,5.39,0.15,0.18
2025-12-08T05:55:01.472000+00:00,price_change,0.24,SELL,6827.88,0.15,0.18
2025-12-08T05:55:06.138000+00:00,price_change,0.13,BUY,1101.9,0.15,0.18
2025-12-08T05:55:06.142000+00:00,price_change,0.22,SELL,2206,0.15,0.18
2025-12-08T05:55:06.143000+00:00,price_change,0.13,BUY,2330.9,0.15,0.18
2025-12-08T05:55:14.637000+00:00,price_change,0.24,SELL,6847.88,0.15,0.18
2025-12-08T05:55:27.667000+00:00,price_change,0.21,SELL,216.25,0.15,0.18
2025-12-08T05:55:27.671000+00:00,price_change,0.13,BUY,1412.9,0.15,0.18
2025-12-08T05:55:27.672000+00:00,price_change,0.13,BUY,183.9,0.15,0.18
2025-12-08T05:55:27.672000+00:00,price_change,0.22,SELL,500,0.15,0.18
2025-12-08T05:55:50.896000+00:00,price_change,0.91,SELL,0,0.15,0.18
2025-12-08T05:55:51.275000+00:00,price_change,0.93,SELL,200,0.15,0.18
2025-12-08T05:57:26.919000+00:00,price_change,0.71,SELL,0,0.15,0.18
2025-12-08T05:58:46.669000+00:00,price_change,0.13,BUY,1412.9,0.15,0.18
2025-12-08T05:58:46.671000+00:00,price_change,0.13,BUY,2330.9,0.15,0.18
2025-12-08T05:58:46.673000+00:00,price_change,0.22,SELL,2157,0.15,0.18
2025-12-08T05:58:46.674000+00:00,price_change,0.21,SELL,208.25,0.15,0.18
2025-12-08T05:58:53.496000+00:00,price_change,0.21,SELL,216.25,0.15,0.18
2025-12-08T05:58:53.504000+00:00,price_change,0.13,BUY,1412.9,0.15,0.18
2025-12-08T05:58:53.504000+00:00,price_change,0.13,BUY,183.9,0.15,0.18
2025-12-08T05:58:53.504000+00:00,price_change,0.22,SELL,500,0.15,0.18
2025-12-08T06:00:57.978000+00:00,price_change,0.84,SELL,1000,0.15,0.18
2025-12-08T06:01:02.290000+00:00,price_change,0.71,SELL,1034,0.15,0.18
2025-12-08T06:03:19.776000+00:00,price_change,0.02,BUY,0,0.15,0.18
2025-12-08T06:03:19.942000+00:00,price_change,0.02,BUY,3003,0.15,0.18
2025-12-08T06:03:20.248000+00:00,price_change,0.63,SELL,40,0.15,0.18
2025-12-08T06:03:20.406000+00:00,price_change,0.63,SELL,3787,0.15,0.18
2025-12-08T06:03:21.336000+00:00,price_change,0.21,SELL,208.25,0.15,0.18
2025-12-08T06:03:44.738000+00:00,price_change,0.21,SELL,216.25,0.15,0.18
2025-12-08T06:04:25.181000+00:00,price_change,0.21,SELL,8,0.15,0.18
2025-12-08T06:04:26.615000+00:00,price_change,0.2,SELL,61.84,0.15,0.18
2025-12-08T06:04:26.649000+00:00,price_change,0.21,SELL,216.25,0.15,0.18
2025-12-08T06:08:00.717000+00:00,price_change,0.21,SELL,208.25,0.15,0.18
2025-12-08T06:08:16.914000+00:00,price_change,0.24,SELL,6827.88,0.15,0.18
2025-12-08T06:08:22.967000+00:00,price_change,0.21,SELL,216.25,0.15,0.18
2025-12-08T06:08:28.135000+00:00,price_change,0.25,SELL,5040,0.15,0.18
2025-12-08T06:09:10.294000+00:00,price_change,0.21,SELL,208.25,0.15,0.18
2025-12-08T06:09:35.518000+00:00,price_change,0.21,SELL,216.25,0.15,0.18
2025-12-08T06:09:43.194000+00:00,price_change,0.25,SELL,5020,0.15,0.18
2025-12-08T06:09:43.305000+00:00,price_change,0.24,SELL,6847.88,0.15,0.18
2025-12-08T06:13:09.420000+00:00,price_change,0.21,SELL,208.25,0.15,0.18
2025-12-08T06:13:34.271000+00:00,price_change,0.21,SELL,216.25,0.15,0.18
2025-12-08T06:15:18.426000+00:00,price_change,0.21,SELL,208.25,0.15,0.18
2025-12-08T06:15:38.138000+00:00,price_change,0.21,SELL,216.25,0.15,0.18
2025-12-08T06:16:02.575000+00:00,price_change,0.71,SELL,0,0.15,0.18
2025-12-08T06:16:41.427000+00:00,price_change,0.21,SELL,8,0.15,0.18
2025-12-08T06:16:41.427000+00:00,price_change,0.2,SELL,46.84,0.15,0.18
2025-12-08T06:16:51.522000+00:00,price_change,0.21,SELL,0,0.15,0.18
2025-12-08T06:16:51.524000+00:00,price_change,0.22,SELL,1759,0.15,0.18
2025-12-08T06:17:08.428000+00:00,price_change,0.22,SELL,500,0.15,0.18
2025-12-08T06:17:08.428000+00:00,price_change,0.21,SELL,8,0.15,0.18
2025-12-08T06:17:18.965000+00:00,price_change,0.21,SELL,0,0.15,0.18
2025-12-08T06:17:18.971000+00:00,price_change,0.22,SELL,1751,0.15,0.18
2025-12-08T06:18:08.618000+00:00,price_change,0.14,BUY,1047,0.15,0.18
2025-12-08T06:18:08.622000+00:00,price_change,0.22,SELL,500,0.15,0.18
2025-12-08T06:18:08.624000+00:00,price_change,0.22,SELL,1666,0.15,0.18
2025-12-08T06:18:14+00:00,price_change,0.2,SELL,36.84,0.15,0.18
2025-12-08T06:18:28.010000+00:00,price_change,0.2,SELL,46.84,0.15,0.18
2025-12-08T06:19:17.517000+00:00,price_change,0.2,SELL,61.84,0.15,0.18
2025-12-08T06:19:17.547000+00:00,price_change,0.21,SELL,208.25,0.15,0.18
2025-12-08T06:20:02.633000+00:00,price_change,0.82,SELL,0,0.15,0.18
2025-12-08T06:20:02.920000+00:00,price_change,0.9,SELL,0,0.15,0.18
2025-12-08T06:20:03.040000+00:00,price_change,0.84,SELL,0,0.15,0.18
2025-12-08T06:21:10.329000+00:00,price_change,0.71,SELL,1034,0.15,0.18
2025-12-08T06:22:18.239000+00:00,price_change,0.71,SELL,0,0.15,0.18
2025-12-08T06:22:24.227000+00:00,price_change,0.81,SELL,0,0.15,0.18
2025-12-08T06:22:25.767000+00:00,price_change,0.82,SELL,5.91,0.15,0.18
2025-12-08T06:23:15.660000+00:00,price_change,0.84,SELL,1000,0.15,0.18
2025-12-08T06:23:29.302000+00:00,price_change,0.14,BUY,1035,0.15,0.18
2025-12-08T06:23:29.307000+00:00,price_change,0.14,BUY,1055,0.15,0.18
2025-12-08T06:23:35.378000+00:00,price_change,0.22,SELL,500,0.15,0.18
2025-12-08T06:23:35.378000+00:00,price_change,0.14,BUY,1035,0.15,0.18
2025-12-08T06:23:37.727000+00:00,price_change,0.24,SELL,6827.88,0.15,0.18
2025-12-08T06:23:37.816000+00:00,price_change,0.25,SELL,5040,0.15,0.18
2025-12-08T06:23:52.048000+00:00,price_change,0.14,BUY,1055,0.15,0.18
2025-12-08T06:23:52.050000+00:00,price_change,0.22,SELL,1666,0.15,0.18
2025-12-08T06:23:54.565000+00:00,price_change,0.14,BUY,1035,0.15,0.18
2025-12-08T06:23:54.565000+00:00,price_change,0.22,SELL,500,0.15,0.18
2025-12-08T06:24:06.935000+00:00,price_change,0.14,BUY,1055,0.15,0.18
2025-12-08T06:24:06.938000+00:00,price_change,0.22,SELL,1666,0.15,0.18
2025-12-08T06:24:26.208000+00:00,price_change,0.82,SELL,893.91,0.15,0.18
2025-12-08T06:25:34.245000+00:00,price_change,0.14,BUY,1035,0.15,0.18
2025-12-08T06:25:34.245000+00:00,price_change,0.22,SELL,500,0.15,0.18
2025-12-08T06:25:38.107000+00:00,price_change,0.22,SELL,1666,0.15,0.18
2025-12-08T06:25:38.108000+00:00,price_change,0.14,BUY,1055,0.15,0.18
2025-12-10T02:29:43.580000+00:00,book,0.16,BUY,570.1,0.16,0.18
2025-12-10T02:29:43.580000+00:00,book,0.18,SELL,241.89,0.16,0.18
2025-12-10T02:40:31.403000+00:00,book,0.16,BUY,570.1,0.16,0.18
2025-12-10T02:40:31.403000+00:00,book,0.18,SELL,241.89,0.16,0.18
2025-12-10T02:44:42.564000+00:00,price_change,0.13,BUY,1400.9,0.16,0.18
2025-12-10T02:44:42.657000+00:00,price_change,0.21,SELL,32.89,0.16,0.18
2025-12-10T02:46:40.940000+00:00,book,0.16,BUY,570.1,0.16,0.18
2025-12-10T02:46:40.940000+00:00,book,0.18,SELL,241.89,0.16,0.18
2025-12-10T02:46:47.669000+00:00,price_change,0.2,SELL,206.6,0.16,0.18
2025-12-10T02:46:51.508000+00:00,price_change,0.2,SELL,194.78,0.16,0.18
2025-12-10T02:46:54.315000+00:00,price_change,0.2,SELL,206.6,0.16,0.18
2025-12-10T02:46:55.025000+00:00,price_change,0.2,SELL,194.78,0.16,0.18
2025-12-10T02:46:55.667000+00:00,price_change,0.2,SELL,206.6,0.16,0.18
2025-12-10T02:46:56.497000+00:00,price_change,0.2,SELL,194.78,0.16,0.18
2025-12-10T02:46:57.758000+00:00,price_change,0.2,SELL,206.6,0.16,0.18
2025-12-10T02:46:58.464000+00:00,price_change,0.2,SELL,194.78,0.16,0.18
2025-12-10T02:46:59.006000+00:00,price_change,0.2,SELL,206.6,0.16,0.18
2025-12-10T02:46:59.579000+00:00,price_change,0.2,SELL,194.78,0.16,0.18
2025-12-10T02:47:00.701000+00:00,price_change,0.2,SELL,206.6,0.16,0.18
2025-12-10T02:47:01.620000+00:00,price_change,0.2,SELL,194.78,0.16,0.18
2025-12-10T02:47:01.969000+00:00,price_change,0.2,SELL,206.6,0.16,0.18
2025-12-10T02:47:02.279000+00:00,price_change,0.2,SELL,194.78,0.16,0.18
2025-12-10T02:47:04.708000+00:00,price_change,0.2,SELL,208.78,0.16,0.18
2025-12-10T02:47:04.708000+00:00,book,0.16,BUY,570.1,0.16,0.18
2025-12-10T02:47:04.708000+00:00,book,0.18,SELL,241.89,0.16,0.18
2025-12-10T02:50:01.998000+00:00,price_change,0.82,SELL,0,0.16,0.18
2025-12-10T02:50:02.514000+00:00,price_change,0.84,SELL,0,0.16,0.18
2025-12-10T02:50:02.544000+00:00,price_change,0.92,SELL,100,0.16,0.18
2025-12-10T03:13:19.134000+00:00,book,0.16,BUY,570.1,0.16,0.18
2025-12-10T03:13:19.134000+00:00,book,0.18,SELL,241.89,0.16,0.18
2025-12-10T03:14:46.583000+00:00,price_change,0.25,SELL,5000,0.16,0.18
2025-12-10T03:34:08.725000+00:00,book,0.16,BUY,570.1,0.16,0.18
2025-12-10T03:34:08.725000+00:00,book,0.18,SELL,241.89,0.16,0.18
2025-12-10T03:34:40.449000+00:00,price_change,0.13,BUY,1400.9,0.16,0.18
2025-12-10T03:34:40.533000+00:00,price_change,0.21,SELL,32.89,0.16,0.18
2025-12-10T03:35:56.496000+00:00,price_change,0.02,BUY,0,0.16,0.18
2025-12-10T03:35:56.646000+00:00,price_change,0.02,BUY,3017,0.16,0.18
2025-12-10T03:35:56.938000+00:00,price_change,0.63,SELL,40,0.16,0.18
2025-12-10T03:35:57.097000+00:00,price_change,0.63,SELL,3778,0.16,0.18
2025-12-10T03:36:06.511000+00:00,price_change,0.71,SELL,1034,0.16,0.18
2025-12-10T03:43:52.222000+00:00,price_change,0.49,SELL,0,0.16,0.18
2025-12-10T03:43:52.271000+00:00,price_change,0.49,SELL,5,0.16,0.18
2025-12-10T03:48:38.635000+00:00,price_change,0.13,BUY,193.9,0.16,0.18
2025-12-10T03:48:40.868000+00:00,price_change,0.13,BUY,1400.9,0.16,0.18
2025-12-10T03:48:42.752000+00:00,price_change,0.21,SELL,22.89,0.16,0.18
2025-12-10T03:48:42.753000+00:00,price_change,0.13,BUY,1390.9,0.16,0.18
2025-12-10T03:50:02.540000+00:00,price_change,0.9,SELL,0,0.16,0.18
2025-12-10T03:50:02.571000+00:00,price_change,0.82,SELL,0,0.16,0.18
2025-12-10T03:50:02.632000+00:00,price_change,0.84,SELL,0,0.16,0.18
2025-12-10T03:53:56.941000+00:00,price_change,0.82,SELL,888,0.16,0.18
2025-12-10T03:54:24.218000+00:00,price_change,0.92,SELL,3000,0.16,0.18
2025-12-10T03:56:52.796000+00:00,price_change,0.93,SELL,0,0.16,0.18
2025-12-10T03:56:53.414000+00:00,price_change,0.92,SELL,3100,0.16,0.18
2025-12-10T03:59:09.937000+00:00,price_change,0.84,SELL,1000,0.16,0.18
2025-12-10T04:09:51.113000+00:00,price_change,0.97,SELL,300005.94,0.16,0.18
2025-12-10T04:09:52.252000+00:00,price_change,0.99,SELL,1211262.8,0.16,0.18
2025-12-10T04:09:52.464000+00:00,price_change,0.83,SELL,6080,0.16,0.18
2025-12-10T04:12:27.216000+00:00,price_change,0.99,SELL,1210762.8,0.16,0.18
2025-12-10T04:12:27.216000+00:00,price_change,0.83,SELL,6040,0.16,0.18
2025-12-10T04:12:28.292000+00:00,price_change,0.97,SELL,300305.94,0.16,0.18
2025-12-10T04:14:17.146000+00:00,price_change,0.13,BUY,1400.9,0.16,0.18
2025-12-10T04:14:17.230000+00:00,price_change,0.21,SELL,32.89,0.16,0.18
2025-12-10T04:14:26.996000+00:00,price_change,0.49,SELL,0,0.16,0.18
2025-12-10T04:14:27.046000+00:00,price_change,0.49,SELL,5,0.16,0.18
2025-12-10T04:15:25.829000+00:00,price_change,0.02,BUY,0,0.16,0.18
2025-12-10T04:15:25.995000+00:00,price_change,0.02,BUY,3026,0.16,0.18
2025-12-10T04:15:26.300000+00:00,price_change,0.63,SELL,40,0.16,0.18
2025-12-10T04:15:26.475000+00:00,price_change,0.63,SELL,3806,0.16,0.18
2025-12-10T04:16:02.330000+00:00,price_change,0.71,SELL,0,0.16,0.18
2025-12-10T04:19:11.494000+00:00,price_change,0.71,SELL,1034,0.16,0.18
2025-12-10T04:20:02.123000+00:00,price_change,0.82,SELL,0,0.16,0.18
2025-12-10T04:20:02.795000+00:00,price_change,0.92,SELL,100,0.16,0.18
2025-12-10T04:20:03.028000+00:00,price_change,0.84,SELL,0,0.16,0.18
