timestamp,ticker,best_bid_price,best_bid_size,best_ask_price,best_ask_size,bid_levels,ask_levels,spread
2026-02-08T14:12:11.706445,KXSB-26-NE,0.32,1698816.0,0.33,25563377.0,32,66,0.01
2026-02-08T14:12:11.706445,KXSB-26-SEA,0.67,3597804.0,0.68,32222313.0,67,32,0.01
2026-02-08T14:12:12.708438,KXSB-26-NE,0.32,1698804.0,0.33,25562675.0,32,66,0.01
2026-02-08T14:12:12.708438,KXSB-26-SEA,0.67,3597792.0,0.68,32222235.0,67,32,0.01
2026-02-08T14:12:13.710112,KXSB-26-NE,0.32,1698443.0,0.33,25560807.0,32,66,0.01
2026-02-08T14:12:13.710112,KXSB-26-SEA,0.67,3597792.0,0.68,32222235.0,67,32,0.01
2026-02-08T14:12:14.710776,KXSB-26-NE,0.32,1698443.0,0.33,25560493.0,32,66,0.01
2026-02-08T14:12:14.710776,KXSB-26-SEA,0.67,3597783.0,0.68,32222080.0,67,32,0.01
2026-02-08T14:12:15.713006,KXSB-26-NE,0.32,1698443.0,0.33,25559672.0,32,66,0.01
2026-02-08T14:12:15.713006,KXSB-26-SEA,0.67,3597184.0,0.68,32222015.0,67,32,0.01
2026-02-08T14:12:16.714899,KXSB-26-NE,0.32,1698443.0,0.33,25559431.0,32,66,0.01
2026-02-08T14:12:16.714899,KXSB-26-SEA,0.67,3597184.0,0.68,32221973.0,67,32,0.01
2026-02-08T14:12:17.716530,KXSB-26-NE,0.32,1698443.0,0.33,25558074.0,32,66,0.01
2026-02-08T14:12:17.716530,KXSB-26-SEA,0.67,3597156.0,0.68,32221823.0,67,32,0.01
2026-02-08T14:12:18.718741,KXSB-26-NE,0.32,1698443.0,0.33,25557599.0,32,66,0.01
2026-02-08T14:12:18.718741,KXSB-26-SEA,0.67,3597156.0,0.68,32221802.0,67,32,0.01
2026-02-08T14:12:19.720776,KXSB-26-NE,0.32,1698443.0,0.33,25557387.0,32,66,0.01
2026-02-08T14:12:19.720776,KXSB-26-SEA,0.67,3597156.0,0.68,32221577.0,67,32,0.01
2026-02-08T14:12:20.723323,KXSB-26-NE,0.32,1698443.0,0.33,25555478.0,32,66,0.01
2026-02-08T14:12:20.723323,KXSB-26-SEA,0.67,3597156.0,0.68,32221547.0,67,32,0.01
2026-02-08T14:12:21.725586,KXSB-26-NE,0.32,1698429.0,0.33,25551747.0,32,66,0.01
2026-02-08T14:12:21.725586,KXSB-26-SEA,0.67,3597156.0,0.68,32219415.0,67,32,0.01
2026-02-08T14:12:22.727629,KXSB-26-NE,0.32,1697179.0,0.33,25551096.0,32,66,0.01
2026-02-08T14:12:22.727629,KXSB-26-SEA,0.67,3597156.0,0.68,32218984.0,67,32,0.01
2026-02-08T14:12:23.728854,KXSB-26-NE,0.32,1697075.0,0.33,25549706.0,32,66,0.01
2026-02-08T14:12:23.728854,KXSB-26-SEA,0.67,3597154.0,0.68,32218671.0,67,32,0.01
2026-02-08T14:12:24.730673,KXSB-26-NE,0.32,1697075.0,0.33,25549562.0,32,66,0.01
2026-02-08T14:12:24.730673,KXSB-26-SEA,0.67,3597154.0,0.68,32218348.0,67,32,0.01
2026-02-08T14:12:25.732063,KXSB-26-NE,0.32,1697075.0,0.33,25548564.0,32,66,0.01
2026-02-08T14:12:25.732063,KXSB-26-SEA,0.67,3596539.0,0.68,32218124.0,67,32,0.01
2026-02-08T14:12:26.734664,KXSB-26-NE,0.32,1697075.0,0.33,25545520.0,32,66,0.01
2026-02-08T14:12:26.734664,KXSB-26-SEA,0.67,3596417.0,0.68,32218034.0,67,32,0.01
2026-02-08T14:12:27.737124,KXSB-26-NE,0.32,1697075.0,0.33,25545067.0,32,66,0.01
2026-02-08T14:12:27.737124,KXSB-26-SEA,0.67,3596417.0,0.68,32217925.0,67,32,0.01
2026-02-08T14:12:28.739133,KXSB-26-NE,0.32,1697075.0,0.33,25544887.0,32,66,0.01
2026-02-08T14:12:28.739133,KXSB-26-SEA,0.67,3596417.0,0.68,32217562.0,67,32,0.01
2026-02-08T14:12:29.740747,KXSB-26-NE,0.32,1697047.0,0.33,25542720.0,32,66,0.01
2026-02-08T14:12:29.740747,KXSB-26-SEA,0.67,3596417.0,0.68,32217562.0,67,32,0.01
2026-02-08T14:12:30.742790,KXSB-26-NE,0.32,1697047.0,0.33,25541643.0,32,66,0.01
2026-02-08T14:12:30.742790,KXSB-26-SEA,0.67,3596417.0,0.68,32217048.0,67,32,0.01
2026-02-08T14:12:31.744510,KXSB-26-NE,0.32,1697047.0,0.33,25540743.0,32,66,0.01
2026-02-08T14:12:31.744510,KXSB-26-SEA,0.67,3596417.0,0.68,32214618.0,67,32,0.01
2026-02-08T14:12:32.747581,KXSB-26-NE,0.32,1697047.0,0.33,25537093.0,32,66,0.01
2026-02-08T14:12:32.747581,KXSB-26-SEA,0.67,3596317.0,0.68,32214431.0,67,32,0.01
2026-02-08T14:12:33.749692,KXSB-26-NE,0.32,1697047.0,0.33,25536774.0,32,66,0.01
2026-02-08T14:12:33.749692,KXSB-26-SEA,0.67,3596317.0,0.68,32214373.0,67,32,0.01
2026-02-08T14:12:34.751321,KXSB-26-NE,0.32,1697047.0,0.33,25536576.0,32,66,0.01
2026-02-08T14:12:34.751321,KXSB-26-SEA,0.67,3596317.0,0.68,32214364.0,67,32,0.01
2026-02-08T14:12:35.753971,KXSB-26-NE,0.32,1697047.0,0.33,25536444.0,32,66,0.01
2026-02-08T14:12:35.753971,KXSB-26-SEA,0.67,3596317.0,0.68,32214357.0,67,32,0.01
2026-02-08T14:12:36.756093,KXSB-26-NE,0.32,1697047.0,0.33,25536368.0,32,66,0.01
2026-02-08T14:12:36.756093,KXSB-26-SEA,0.67,3596317.0,0.68,32214257.0,67,32,0.01
2026-02-08T14:12:37.758176,KXSB-26-NE,0.32,1697047.0,0.33,25535443.0,32,66,0.01
2026-02-08T14:12:37.758176,KXSB-26-SEA,0.67,3596317.0,0.68,32213799.0,67,32,0.01
2026-02-08T14:12:38.760738,KXSB-26-NE,0.32,1697047.0,0.33,25533064.0,32,66,0.01
2026-02-08T14:12:38.760738,KXSB-26-SEA,0.67,3596266.0,0.68,32213543.0,67,32,0.01
2026-02-08T14:12:39.762885,KXSB-26-NE,0.32,1697047.0,0.33,25532327.0,32,66,0.01
2026-02-08T14:12:39.762885,KXSB-26-SEA,0.67,3596266.0,0.68,32213272.0,67,32,0.01
2026-02-08T14:12:40.765006,KXSB-26-NE,0.32,1696333.0,0.33,25531838.0,32,66,0.01
2026-02-08T14:12:40.765006,KXSB-26-SEA,0.67,3596266.0,0.68,32213118.0,67,32,0.01
2026-02-08T14:12:41.766429,KXSB-26-NE,0.32,1696333.0,0.33,24530864.0,32,66,0.01
2026-02-08T14:12:41.766429,KXSB-26-SEA,0.67,3596266.0,0.68,32213089.0,67,32,0.01
2026-02-08T14:12:42.768353,KXSB-26-NE,0.32,1696333.0,0.33,24530477.0,32,66,0.01
2026-02-08T14:12:42.768353,KXSB-26-SEA,0.67,3596266.0,0.68,32213089.0,67,32,0.01
2026-02-08T14:12:43.770468,KXSB-26-NE,0.32,1696333.0,0.33,24528176.0,32,66,0.01
2026-02-08T14:12:43.770468,KXSB-26-SEA,0.67,3596266.0,0.68,32212984.0,67,32,0.01
2026-02-08T14:12:44.772164,KXSB-26-NE,0.32,1696333.0,0.33,24526399.0,32,66,0.01
2026-02-08T14:12:44.772164,KXSB-26-SEA,0.67,3596266.0,0.68,32212940.0,67,32,0.01
2026-02-08T14:12:45.774698,KXSB-26-NE,0.32,1696333.0,0.33,24526325.0,32,66,0.01
2026-02-08T14:12:45.774698,KXSB-26-SEA,0.67,3596266.0,0.68,32212719.0,67,32,0.01
2026-02-08T14:12:46.776874,KXSB-26-NE,0.32,1696333.0,0.33,24526202.0,32,66,0.01
2026-02-08T14:12:46.776874,KXSB-26-SEA,0.67,3596266.0,0.68,32212653.0,67,32,0.01
2026-02-08T14:12:47.779154,KXSB-26-NE,0.32,1696333.0,0.33,24523961.0,32,66,0.01
2026-02-08T14:12:47.779154,KXSB-26-SEA,0.67,3596266.0,0.68,32212475.0,67,32,0.01
2026-02-08T14:12:48.781318,KXSB-26-NE,0.32,1696333.0,0.33,24523596.0,32,66,0.01
2026-02-08T14:12:48.781318,KXSB-26-SEA,0.67,3596266.0,0.68,32212158.0,67,32,0.01
2026-02-08T14:12:49.783951,KXSB-26-NE,0.32,1696333.0,0.33,24523015.0,32,66,0.01
2026-02-08T14:12:49.783951,KXSB-26-SEA,0.67,3596176.0,0.68,32211975.0,67,32,0.01
2026-02-08T14:12:50.786105,KXSB-26-NE,0.32,1696333.0,0.33,24514431.0,32,66,0.01
2026-02-08T14:12:50.786105,KXSB-26-SEA,0.67,3596176.0,0.68,32211968.0,67,32,0.01
2026-02-08T14:12:51.788659,KXSB-26-NE,0.32,1696333.0,0.33,24513961.0,32,66,0.01
2026-02-08T14:12:51.788659,KXSB-26-SEA,0.67,3596176.0,0.68,32211654.0,67,32,0.01
2026-02-08T14:12:52.791285,KXSB-26-NE,0.32,1696333.0,0.33,24509639.0,32,66,0.01
2026-02-08T14:12:52.791285,KXSB-26-SEA,0.67,3596176.0,0.68,32211616.0,67,32,0.01
2026-02-08T14:12:53.793383,KXSB-26-NE,0.32,1696333.0,0.33,24509220.0,32,66,0.01
2026-02-08T14:12:53.793383,KXSB-26-SEA,0.67,3596176.0,0.68,32211609.0,67,32,0.01
2026-02-08T14:12:54.795861,KXSB-26-NE,0.32,1696333.0,0.33,24502418.0,32,66,0.01
2026-02-08T14:12:54.795861,KXSB-26-SEA,0.67,3588583.0,0.68,32214334.0,67,32,0.01
2026-02-08T14:12:55.797632,KXSB-26-NE,0.32,1696333.0,0.33,24502273.0,32,66,0.01
2026-02-08T14:12:55.797632,KXSB-26-SEA,0.67,3588583.0,0.68,32214002.0,67,32,0.01
2026-02-08T14:12:56.799879,KXSB-26-NE,0.32,1696333.0,0.33,24501818.0,32,66,0.01
2026-02-08T14:12:56.799879,KXSB-26-SEA,0.67,3588583.0,0.68,32213824.0,67,32,0.01
2026-02-08T14:12:57.802476,KXSB-26-NE,0.32,1696333.0,0.33,24500818.0,32,66,0.01
2026-02-08T14:12:57.802476,KXSB-26-SEA,0.67,3588583.0,0.68,32213394.0,67,32,0.01
2026-02-08T14:12:58.804174,KXSB-26-NE,0.32,1696333.0,0.33,24500766.0,32,66,0.01
2026-02-08T14:12:58.804174,KXSB-26-SEA,0.67,3588583.0,0.68,32212956.0,67,32,0.01
2026-02-08T14:12:59.806272,KXSB-26-NE,0.32,1696333.0,0.33,24500766.0,32,66,0.01
2026-02-08T14:12:59.806272,KXSB-26-SEA,0.67,3588583.0,0.68,32212746.0,67,32,0.01
2026-02-08T14:13:00.807804,KXSB-26-NE,0.32,1696333.0,0.33,24499443.0,32,66,0.01
2026-02-08T14:13:00.807804,KXSB-26-SEA,0.67,3587851.0,0.68,32212543.0,67,32,0.01
2026-02-08T14:13:01.809901,KXSB-26-NE,0.32,1696333.0,0.33,24498108.0,32,66,0.01
2026-02-08T14:13:01.809901,KXSB-26-SEA,0.67,3587851.0,0.68,32211829.0,67,32,0.01
2026-02-08T14:13:02.812037,KXSB-26-NE,0.32,1696333.0,0.33,24496560.0,32,66,0.01
2026-02-08T14:13:02.812037,KXSB-26-SEA,0.67,3587851.0,0.68,32211744.0,67,32,0.01
2026-02-08T14:13:03.813695,KXSB-26-NE,0.32,1696333.0,0.33,24496237.0,32,66,0.01
2026-02-08T14:13:03.813695,KXSB-26-SEA,0.67,3587851.0,0.68,32211742.0,67,32,0.01
2026-02-08T14:13:04.815170,KXSB-26-NE,0.32,1696333.0,0.33,24496024.0,32,66,0.01
2026-02-08T14:13:04.815170,KXSB-26-SEA,0.67,3587851.0,0.68,32211549.0,67,32,0.01
2026-02-08T14:13:05.817528,KXSB-26-NE,0.32,1696333.0,0.33,24495329.0,32,66,0.01
2026-02-08T14:13:05.817528,KXSB-26-SEA,0.67,3587851.0,0.68,32211271.0,67,32,0.01
2026-02-08T14:13:06.819577,KXSB-26-NE,0.32,1696333.0,0.33,24495069.0,32,66,0.01
2026-02-08T14:13:06.819577,KXSB-26-SEA,0.67,3587851.0,0.68,32211245.0,67,32,0.01
2026-02-08T14:13:07.821751,KXSB-26-NE,0.32,1696333.0,0.33,24493870.0,32,66,0.01
2026-02-08T14:13:07.821751,KXSB-26-SEA,0.67,3587851.0,0.68,32211238.0,67,32,0.01
2026-02-08T14:13:08.824990,KXSB-26-NE,0.32,1696305.0,0.33,24493395.0,32,66,0.01
2026-02-08T14:13:08.824990,KXSB-26-SEA,0.67,3587851.0,0.68,32210775.0,67,32,0.01
<<<<<<< Updated upstream
2026-02-08T18:49:23.000136,KXSB-26-NE,0.29,164.0,0.3,1074.0,29,70,0.01
2026-02-08T18:49:23.000136,KXSB-26-SEA,0.74,824.0,0.75,1273.0,74,24,0.01
2026-02-08T18:49:24.002259,KXSB-26-NE,0.29,164.0,0.3,1074.0,29,70,0.01
2026-02-08T18:49:24.002259,KXSB-26-SEA,0.74,824.0,0.75,1273.0,74,24,0.01
2026-02-08T18:49:25.004092,KXSB-26-NE,0.3,195.0,0.31,8275.0,30,68,0.01
2026-02-08T18:49:25.004092,KXSB-26-SEA,0.73,50.0,0.74,877.0,73,24,0.01
2026-02-08T18:49:26.005928,KXSB-26-NE,0.3,195.0,0.31,8275.0,30,68,0.01
2026-02-08T18:49:26.005928,KXSB-26-SEA,0.73,50.0,0.74,877.0,73,24,0.01
2026-02-08T18:49:27.007679,KXSB-26-NE,0.3,195.0,0.31,8275.0,30,68,0.01
2026-02-08T18:49:27.007679,KXSB-26-SEA,0.73,50.0,0.74,877.0,73,24,0.01
2026-02-08T18:49:28.010046,KXSB-26-NE,0.29,50.0,0.3,662.0,29,70,0.01
2026-02-08T18:49:28.010046,KXSB-26-SEA,0.75,510.0,0.77,63065.0,74,22,0.02
2026-02-08T18:49:29.011814,KXSB-26-NE,0.29,50.0,0.3,662.0,29,70,0.01
2026-02-08T18:49:29.011814,KXSB-26-SEA,0.75,510.0,0.77,63065.0,74,22,0.02
2026-02-08T18:49:30.013460,KXSB-26-NE,0.3,139.0,0.31,8259.0,30,69,0.01
2026-02-08T18:49:30.013460,KXSB-26-SEA,0.75,493.0,0.77,60059.0,75,22,0.02
2026-02-08T18:49:31.015216,KXSB-26-NE,0.3,139.0,0.31,8259.0,30,69,0.01
2026-02-08T18:49:31.015216,KXSB-26-SEA,0.75,493.0,0.77,60059.0,75,22,0.02
2026-02-08T18:49:32.029478,KXSB-26-NE,0.3,86.0,0.31,9084.0,30,69,0.01
2026-02-08T18:49:32.029478,KXSB-26-SEA,0.75,413.0,0.77,43193.0,75,22,0.02
2026-02-08T18:49:33.031701,KXSB-26-NE,0.3,86.0,0.31,9084.0,30,69,0.01
2026-02-08T18:49:33.031701,KXSB-26-SEA,0.75,413.0,0.77,43193.0,75,22,0.02
2026-02-08T18:49:34.033404,KXSB-26-NE,0.28,26150.0,0.31,3729.0,28,69,0.03
2026-02-08T18:49:34.033404,KXSB-26-SEA,0.75,362.0,0.77,3991.0,75,22,0.02
2026-02-08T18:49:35.034991,KXSB-26-NE,0.28,26150.0,0.31,3729.0,28,69,0.03
2026-02-08T18:49:35.034991,KXSB-26-SEA,0.75,362.0,0.77,3991.0,75,22,0.02
2026-02-08T18:49:36.036773,KXSB-26-NE,0.3,11.0,0.31,9921.0,29,69,0.01
2026-02-08T18:49:36.036773,KXSB-26-SEA,0.74,1245.0,0.76,39218.0,74,22,0.02
2026-02-08T18:49:37.038552,KXSB-26-NE,0.3,11.0,0.31,9921.0,29,69,0.01
2026-02-08T18:49:37.038552,KXSB-26-SEA,0.74,1245.0,0.76,39218.0,74,22,0.02
2026-02-08T18:49:38.040291,KXSB-26-NE,0.28,46150.0,0.31,5636.0,28,69,0.03
2026-02-08T18:49:38.040291,KXSB-26-SEA,0.74,1231.0,0.75,56306.0,74,23,0.01
2026-02-08T18:49:39.041504,KXSB-26-NE,0.28,46150.0,0.31,5636.0,28,69,0.03
2026-02-08T18:49:39.041504,KXSB-26-SEA,0.74,1231.0,0.75,56306.0,74,23,0.01
2026-02-08T18:49:40.043623,KXSB-26-NE,0.28,45900.0,0.31,6827.0,28,69,0.03
2026-02-08T18:49:40.043623,KXSB-26-SEA,0.74,1231.0,0.75,50734.0,74,23,0.01
2026-02-08T18:49:41.045427,KXSB-26-NE,0.28,45620.0,0.32,2662.0,28,68,0.04
2026-02-08T18:49:41.045427,KXSB-26-SEA,0.74,1231.0,0.75,45689.0,74,23,0.01
2026-02-08T18:49:42.047318,KXSB-26-NE,0.3,5.0,0.31,6500.0,29,69,0.01
2026-02-08T18:49:42.047318,KXSB-26-SEA,0.74,396.0,0.75,39119.0,74,23,0.01
2026-02-08T18:49:43.049268,KXSB-26-NE,0.28,42417.0,0.31,6271.0,28,69,0.03
2026-02-08T18:49:43.049268,KXSB-26-SEA,0.74,396.0,0.75,38241.0,74,23,0.01
2026-02-08T18:49:44.051186,KXSB-26-NE,0.28,21578.0,0.31,8017.0,28,69,0.03
2026-02-08T18:49:44.051186,KXSB-26-SEA,0.72,2609.0,0.75,35176.0,72,23,0.03
2026-02-08T18:49:45.053294,KXSB-26-NE,0.28,21578.0,0.31,8017.0,28,69,0.03
2026-02-08T18:49:45.053294,KXSB-26-SEA,0.72,2609.0,0.75,35176.0,72,23,0.03
2026-02-08T18:49:46.055041,KXSB-26-NE,0.28,21249.0,0.31,5757.0,28,69,0.03
2026-02-08T18:49:46.055041,KXSB-26-SEA,0.72,2609.0,0.74,207450.0,72,24,0.02
2026-02-08T18:49:47.057911,KXSB-26-NE,0.28,21249.0,0.31,5757.0,28,69,0.03
2026-02-08T18:49:47.057911,KXSB-26-SEA,0.72,2609.0,0.74,207450.0,72,24,0.02
2026-02-08T18:49:48.059902,KXSB-26-NE,0.29,63.0,0.31,1991.0,29,69,0.02
2026-02-08T18:49:48.059902,KXSB-26-SEA,0.72,2609.0,0.74,210000.0,72,25,0.02
2026-02-08T18:49:49.061908,KXSB-26-NE,0.29,63.0,0.3,10925.0,29,70,0.01
2026-02-08T18:49:49.061908,KXSB-26-SEA,0.72,2609.0,0.74,205413.0,72,25,0.02
2026-02-08T18:49:50.064770,KXSB-26-NE,0.28,20418.0,0.3,8290.0,28,70,0.02
2026-02-08T18:49:50.064770,KXSB-26-SEA,0.72,2609.0,0.74,202417.0,72,25,0.02
2026-02-08T18:49:51.066196,KXSB-26-NE,0.28,20718.0,0.3,7120.0,28,70,0.02
2026-02-08T18:49:51.066196,KXSB-26-SEA,0.72,2309.0,0.73,470.0,72,24,0.01
2026-02-08T18:49:52.068155,KXSB-26-NE,0.29,2.0,0.3,9251.0,29,70,0.01
2026-02-08T18:49:52.068155,KXSB-26-SEA,0.72,1735.0,0.74,194101.0,72,23,0.02
2026-02-08T18:49:53.070657,KXSB-26-NE,0.29,2.0,0.3,9251.0,29,70,0.01
2026-02-08T18:49:53.070657,KXSB-26-SEA,0.72,1735.0,0.74,194101.0,72,23,0.02
2026-02-08T18:49:54.072459,KXSB-26-NE,0.29,19.0,0.31,100.0,29,69,0.02
2026-02-08T18:49:54.072459,KXSB-26-SEA,0.72,1700.0,0.74,190640.0,72,23,0.02
2026-02-08T18:49:55.074424,KXSB-26-NE,0.29,19.0,0.31,100.0,29,69,0.02
2026-02-08T18:49:55.074424,KXSB-26-SEA,0.72,1700.0,0.74,190640.0,72,23,0.02
2026-02-08T18:49:56.075573,KXSB-26-NE,0.29,19.0,0.31,100.0,29,69,0.02
2026-02-08T18:49:56.075573,KXSB-26-SEA,0.72,1700.0,0.74,190523.0,72,23,0.02
2026-02-08T18:49:57.077283,KXSB-26-NE,0.3,2.0,0.31,424.0,29,69,0.01
2026-02-08T18:49:57.077283,KXSB-26-SEA,0.72,1675.0,0.74,186178.0,72,23,0.02
2026-02-08T18:49:58.078086,KXSB-26-NE,0.3,2.0,0.34,34241.0,29,66,0.04
2026-02-08T18:49:58.078086,KXSB-26-SEA,0.71,20595.0,0.73,636.0,71,24,0.02
2026-02-08T18:49:59.079774,KXSB-26-NE,0.33,39234.0,0.34,34192.0,32,66,0.01
2026-02-08T18:49:59.079774,KXSB-26-SEA,0.66,93662.0,0.67,1146.0,66,26,0.01
2026-02-08T18:50:00.081487,KXSB-26-NE,0.33,39234.0,0.34,34192.0,32,66,0.01
2026-02-08T18:50:00.081487,KXSB-26-SEA,0.66,93662.0,0.67,1146.0,66,26,0.01
2026-02-08T18:50:01.083446,KXSB-26-NE,0.33,39052.0,0.34,96995.0,32,66,0.01
2026-02-08T18:50:01.083446,KXSB-26-SEA,0.68,9969.0,0.71,71801.0,68,28,0.03
2026-02-08T18:50:02.085866,KXSB-26-NE,0.33,39052.0,0.34,96995.0,32,66,0.01
2026-02-08T18:50:02.085866,KXSB-26-SEA,0.68,9969.0,0.71,71801.0,68,28,0.03
2026-02-08T18:50:03.088124,KXSB-26-NE,0.33,68191.0,0.34,71724.0,32,66,0.01
2026-02-08T18:50:03.088124,KXSB-26-SEA,0.68,10053.0,0.71,66684.0,68,27,0.03
2026-02-08T18:50:04.089873,KXSB-26-NE,0.33,68188.0,0.34,68890.0,32,66,0.01
2026-02-08T18:50:04.089873,KXSB-26-SEA,0.68,10053.0,0.71,59585.0,68,27,0.03
2026-02-08T18:50:05.090552,KXSB-26-NE,0.32,5781.0,0.34,66052.0,32,66,0.02
2026-02-08T18:50:05.090552,KXSB-26-SEA,0.68,9753.0,0.71,49774.0,68,27,0.03
2026-02-08T18:50:06.112003,KXSB-26-NE,0.32,5781.0,0.34,65955.0,32,66,0.02
2026-02-08T18:50:06.112003,KXSB-26-SEA,0.68,9753.0,0.71,49761.0,68,27,0.03
2026-02-08T18:50:07.121841,KXSB-26-NE,0.32,5781.0,0.34,65955.0,32,66,0.02
2026-02-08T18:50:07.121841,KXSB-26-SEA,0.68,9753.0,0.71,49761.0,68,27,0.03
2026-02-08T18:50:08.125037,KXSB-26-NE,0.32,5781.0,0.34,54090.0,32,66,0.02
2026-02-08T18:50:08.125037,KXSB-26-SEA,0.69,4972.0,0.71,46771.0,69,28,0.02
2026-02-08T18:50:09.126266,KXSB-26-NE,0.32,5781.0,0.34,54090.0,32,66,0.02
2026-02-08T18:50:09.126266,KXSB-26-SEA,0.69,4972.0,0.71,46771.0,69,28,0.02
2026-02-08T18:50:10.127988,KXSB-26-NE,0.32,5781.0,0.34,54090.0,32,66,0.02
2026-02-08T18:50:10.127988,KXSB-26-SEA,0.69,4972.0,0.71,46771.0,69,28,0.02
2026-02-08T18:50:11.129664,KXSB-26-NE,0.33,38721.0,0.34,52082.0,33,66,0.01
2026-02-08T18:50:11.129664,KXSB-26-SEA,0.66,106936.0,0.67,17307.0,66,29,0.01
2026-02-08T18:50:12.131558,KXSB-26-NE,0.33,38721.0,0.34,52082.0,33,66,0.01
2026-02-08T18:50:12.131558,KXSB-26-SEA,0.66,106936.0,0.67,17307.0,66,29,0.01
2026-02-08T18:50:13.133628,KXSB-26-NE,0.33,38695.0,0.34,48387.0,33,66,0.01
2026-02-08T18:50:13.133628,KXSB-26-SEA,0.66,106836.0,0.67,12123.0,66,30,0.01
2026-02-08T18:50:14.135916,KXSB-26-NE,0.33,38695.0,0.34,48387.0,33,66,0.01
2026-02-08T18:50:14.135916,KXSB-26-SEA,0.66,106836.0,0.67,12123.0,66,30,0.01
2026-02-08T18:50:15.137672,KXSB-26-NE,0.33,37294.0,0.34,44584.0,33,66,0.01
2026-02-08T18:50:15.137672,KXSB-26-SEA,0.66,106851.0,0.67,8208.0,66,31,0.01
2026-02-08T18:50:16.138742,KXSB-26-NE,0.33,37294.0,0.34,44584.0,33,66,0.01
2026-02-08T18:50:16.138742,KXSB-26-SEA,0.66,106851.0,0.67,8208.0,66,31,0.01
2026-02-08T18:50:17.140406,KXSB-26-NE,0.33,37294.0,0.34,44584.0,33,66,0.01
2026-02-08T18:50:17.140406,KXSB-26-SEA,0.66,106851.0,0.67,8208.0,66,31,0.01
2026-02-08T18:50:18.141758,KXSB-26-NE,0.33,37294.0,0.34,44584.0,33,66,0.01
2026-02-08T18:50:18.141758,KXSB-26-SEA,0.66,106851.0,0.67,8208.0,66,31,0.01
2026-02-08T18:50:19.143563,KXSB-26-NE,0.33,75896.0,0.34,39700.0,33,66,0.01
2026-02-08T18:50:19.143563,KXSB-26-SEA,0.66,106834.0,0.67,3879.0,66,33,0.01
2026-02-08T18:50:20.144250,KXSB-26-NE,0.32,5796.0,0.34,39230.0,32,66,0.02
2026-02-08T18:50:20.144250,KXSB-26-SEA,0.66,105834.0,0.67,16.0,66,33,0.01
2026-02-08T18:50:21.145863,KXSB-26-NE,0.32,29507.0,0.34,44773.0,32,66,0.02
2026-02-08T18:50:21.145863,KXSB-26-SEA,0.67,157.0,0.68,55916.0,67,32,0.01
2026-02-08T18:50:22.147602,KXSB-26-NE,0.32,29507.0,0.34,44773.0,32,66,0.02
2026-02-08T18:50:22.147602,KXSB-26-SEA,0.67,157.0,0.68,55916.0,67,32,0.01
2026-02-08T18:50:23.148776,KXSB-26-NE,0.32,29394.0,0.33,97786.0,32,67,0.01
2026-02-08T18:50:23.148776,KXSB-26-SEA,0.67,281.0,0.68,54342.0,67,32,0.01
2026-02-08T18:50:24.150533,KXSB-26-NE,0.32,29394.0,0.33,97786.0,32,67,0.01
2026-02-08T18:50:24.150533,KXSB-26-SEA,0.67,281.0,0.68,54342.0,67,32,0.01
2026-02-08T18:50:25.152429,KXSB-26-NE,0.32,29024.0,0.33,96502.0,32,67,0.01
2026-02-08T18:50:25.152429,KXSB-26-SEA,0.67,981.0,0.68,45717.0,67,32,0.01
2026-02-08T18:50:26.154255,KXSB-26-NE,0.32,28939.0,0.33,96151.0,32,67,0.01
2026-02-08T18:50:26.154255,KXSB-26-SEA,0.67,981.0,0.68,44775.0,67,32,0.01
2026-02-08T18:50:27.156070,KXSB-26-NE,0.32,24774.0,0.33,91758.0,32,67,0.01
2026-02-08T18:50:27.156070,KXSB-26-SEA,0.67,892.0,0.68,40641.0,67,32,0.01
2026-02-08T18:50:28.157814,KXSB-26-NE,0.32,24746.0,0.33,90014.0,32,67,0.01
2026-02-08T18:50:28.157814,KXSB-26-SEA,0.67,10179.0,0.68,39294.0,67,32,0.01
2026-02-08T18:50:29.159479,KXSB-26-NE,0.32,24739.0,0.33,87959.0,32,67,0.01
2026-02-08T18:50:29.159479,KXSB-26-SEA,0.67,10362.0,0.68,37682.0,67,32,0.01
2026-02-08T18:50:30.160809,KXSB-26-NE,0.32,24739.0,0.33,87959.0,32,67,0.01
2026-02-08T18:50:30.160809,KXSB-26-SEA,0.67,10362.0,0.68,37682.0,67,32,0.01
2026-02-08T18:50:31.162672,KXSB-26-NE,0.32,24682.0,0.33,84520.0,32,67,0.01
2026-02-08T18:50:31.162672,KXSB-26-SEA,0.67,10256.0,0.68,36894.0,67,32,0.01
2026-02-08T18:50:32.163935,KXSB-26-NE,0.32,24728.0,0.33,82173.0,32,67,0.01
2026-02-08T18:50:32.163935,KXSB-26-SEA,0.67,10255.0,0.68,1210060.0,67,32,0.01
2026-02-08T18:50:33.165933,KXSB-26-NE,0.32,576.0,0.33,65014.0,32,67,0.01
2026-02-08T18:50:33.165933,KXSB-26-SEA,0.67,10257.0,0.68,1176529.0,67,32,0.01
2026-02-08T18:50:34.168453,KXSB-26-NE,0.32,580.0,0.33,63008.0,32,67,0.01
2026-02-08T18:50:34.168453,KXSB-26-SEA,0.67,10647.0,0.68,1168363.0,67,32,0.01
2026-02-08T18:50:35.170222,KXSB-26-NE,0.32,580.0,0.33,63008.0,32,67,0.01
2026-02-08T18:50:35.170222,KXSB-26-SEA,0.67,10647.0,0.68,1168363.0,67,32,0.01
2026-02-08T18:50:36.171299,KXSB-26-NE,0.32,581.0,0.33,60494.0,32,67,0.01
2026-02-08T18:50:36.171299,KXSB-26-SEA,0.67,10827.0,0.68,1161843.0,67,32,0.01
2026-02-08T18:50:37.173064,KXSB-26-NE,0.32,581.0,0.33,60494.0,32,67,0.01
2026-02-08T18:50:37.173064,KXSB-26-SEA,0.67,10827.0,0.68,1161843.0,67,32,0.01
2026-02-08T18:50:38.175103,KXSB-26-NE,0.32,567.0,0.33,50970.0,32,67,0.01
2026-02-08T18:50:38.175103,KXSB-26-SEA,0.67,10836.0,0.68,1158928.0,67,32,0.01
2026-02-08T18:50:39.175915,KXSB-26-NE,0.32,568.0,0.33,50311.0,32,67,0.01
2026-02-08T18:50:39.175915,KXSB-26-SEA,0.68,25.0,0.69,1222348.0,68,31,0.01
2026-02-08T18:50:40.177600,KXSB-26-NE,0.32,868.0,0.34,128749.0,32,66,0.02
2026-02-08T18:50:40.177600,KXSB-26-SEA,0.67,10801.0,0.68,93.0,67,32,0.01
2026-02-08T18:50:41.179365,KXSB-26-NE,0.32,868.0,0.34,153697.0,32,66,0.02
2026-02-08T18:50:41.179365,KXSB-26-SEA,0.68,70.0,0.69,1223636.0,68,31,0.01
2026-02-08T18:50:42.181525,KXSB-26-NE,0.32,507.0,0.33,8841.0,32,67,0.01
2026-02-08T18:50:42.181525,KXSB-26-SEA,0.68,120.0,0.69,1163979.0,68,31,0.01
2026-02-08T18:50:43.183222,KXSB-26-NE,0.32,507.0,0.33,8841.0,32,67,0.01
2026-02-08T18:50:43.183222,KXSB-26-SEA,0.68,120.0,0.69,1163979.0,68,31,0.01
2026-02-08T18:50:44.184983,KXSB-26-NE,0.32,500.0,0.33,33786.0,32,67,0.01
2026-02-08T18:50:44.184983,KXSB-26-SEA,0.68,25962.0,0.69,1151681.0,68,31,0.01
2026-02-08T18:50:45.186891,KXSB-26-NE,0.32,500.0,0.33,33786.0,32,67,0.01
2026-02-08T18:50:45.186891,KXSB-26-SEA,0.68,25962.0,0.69,1151681.0,68,31,0.01
2026-02-08T18:50:46.188629,KXSB-26-NE,0.32,500.0,0.33,33786.0,32,67,0.01
2026-02-08T18:50:46.188629,KXSB-26-SEA,0.68,25962.0,0.69,1151681.0,68,31,0.01
2026-02-08T18:50:47.190365,KXSB-26-NE,0.32,530.0,0.33,35016.0,32,67,0.01
2026-02-08T18:50:47.190365,KXSB-26-SEA,0.68,25850.0,0.69,1139037.0,68,31,0.01
2026-02-08T18:50:48.192119,KXSB-26-NE,0.32,530.0,0.33,35016.0,32,67,0.01
2026-02-08T18:50:48.192119,KXSB-26-SEA,0.68,25850.0,0.69,1139037.0,68,31,0.01
2026-02-08T18:50:49.193933,KXSB-26-NE,0.32,530.0,0.33,35016.0,32,67,0.01
2026-02-08T18:50:49.193933,KXSB-26-SEA,0.68,25850.0,0.69,1139037.0,68,31,0.01
2026-02-08T18:50:50.195806,KXSB-26-NE,0.32,338.0,0.33,23047.0,32,67,0.01
2026-02-08T18:50:50.195806,KXSB-26-SEA,0.68,29572.0,0.69,1136204.0,68,31,0.01
2026-02-08T18:50:51.197459,KXSB-26-NE,0.32,151.0,0.33,17154.0,32,67,0.01
2026-02-08T18:50:51.197459,KXSB-26-SEA,0.68,29572.0,0.69,1126084.0,68,31,0.01
2026-02-08T18:50:52.199209,KXSB-26-NE,0.32,151.0,0.33,17154.0,32,67,0.01
2026-02-08T18:50:52.199209,KXSB-26-SEA,0.68,29572.0,0.69,1126084.0,68,31,0.01
2026-02-08T18:50:53.200917,KXSB-26-NE,0.31,14117.0,0.33,14354.0,31,67,0.02
2026-02-08T18:50:53.200917,KXSB-26-SEA,0.68,19535.0,0.69,1113585.0,68,31,0.01
2026-02-08T18:50:54.203183,KXSB-26-NE,0.31,14117.0,0.33,14354.0,31,67,0.02
2026-02-08T18:50:54.203183,KXSB-26-SEA,0.68,19535.0,0.69,1113585.0,68,31,0.01
2026-02-08T18:50:55.205618,KXSB-26-NE,0.31,14117.0,0.33,14308.0,31,67,0.02
2026-02-08T18:50:55.205618,KXSB-26-SEA,0.68,19535.0,0.69,1113585.0,68,31,0.01
2026-02-08T18:50:56.207331,KXSB-26-NE,0.32,10.0,0.33,12435.0,32,67,0.01
2026-02-08T18:50:56.207331,KXSB-26-SEA,0.68,19585.0,0.69,1111244.0,68,31,0.01
2026-02-08T18:50:57.209010,KXSB-26-NE,0.32,200.0,0.33,7770.0,32,67,0.01
2026-02-08T18:50:57.209010,KXSB-26-SEA,0.68,19569.0,0.69,1107650.0,68,30,0.01
2026-02-08T18:50:58.209874,KXSB-26-NE,0.32,146.0,0.33,5696.0,32,67,0.01
2026-02-08T18:50:58.209874,KXSB-26-SEA,0.68,19569.0,0.69,1162742.0,68,30,0.01
2026-02-08T18:50:59.210621,KXSB-26-NE,0.33,85.0,0.34,191892.0,33,66,0.01
2026-02-08T18:50:59.210621,KXSB-26-SEA,0.68,19569.0,0.69,1161449.0,68,30,0.01
2026-02-08T18:51:00.212318,KXSB-26-NE,0.33,85.0,0.34,191892.0,33,66,0.01
2026-02-08T18:51:00.212318,KXSB-26-SEA,0.68,19569.0,0.69,1161449.0,68,30,0.01
2026-02-08T18:51:01.214031,KXSB-26-NE,0.32,36.0,0.34,91550.0,32,66,0.02
2026-02-08T18:51:01.214031,KXSB-26-SEA,0.68,19869.0,0.69,1098363.0,68,30,0.01
2026-02-08T18:51:02.215890,KXSB-26-NE,0.32,36.0,0.34,91550.0,32,66,0.02
2026-02-08T18:51:02.215890,KXSB-26-SEA,0.68,19869.0,0.69,1098363.0,68,30,0.01
2026-02-08T18:51:03.218351,KXSB-26-NE,0.32,25.0,0.34,79821.0,32,66,0.02
2026-02-08T18:51:03.218351,KXSB-26-SEA,0.68,19929.0,0.69,1095125.0,68,30,0.01
2026-02-08T18:51:04.219750,KXSB-26-NE,0.32,25.0,0.34,42821.0,32,66,0.02
2026-02-08T18:51:04.219750,KXSB-26-SEA,0.68,19929.0,0.69,1094975.0,68,30,0.01
2026-02-08T18:51:05.221836,KXSB-26-NE,0.32,18.0,0.33,17240.0,32,67,0.01
2026-02-08T18:51:05.221836,KXSB-26-SEA,0.68,19928.0,0.69,1094579.0,68,30,0.01
2026-02-08T18:51:06.223666,KXSB-26-NE,0.32,511.0,0.35,53395.0,32,65,0.03
2026-02-08T18:51:06.223666,KXSB-26-SEA,0.68,4380.0,0.69,1092848.0,68,29,0.01
2026-02-08T18:51:07.225675,KXSB-26-NE,0.32,511.0,0.35,53395.0,32,65,0.03
2026-02-08T18:51:07.225675,KXSB-26-SEA,0.68,4380.0,0.69,1092848.0,68,29,0.01
2026-02-08T18:51:08.227400,KXSB-26-NE,0.32,576.0,0.35,53391.0,32,65,0.03
2026-02-08T18:51:08.227400,KXSB-26-SEA,0.68,4380.0,0.69,1116980.0,68,29,0.01
2026-02-08T18:51:09.228162,KXSB-26-NE,0.32,576.0,0.35,53391.0,32,65,0.03
2026-02-08T18:51:09.228162,KXSB-26-SEA,0.68,4380.0,0.69,1116980.0,68,29,0.01
2026-02-08T18:51:10.229346,KXSB-26-NE,0.32,576.0,0.35,53391.0,32,65,0.03
2026-02-08T18:51:10.229346,KXSB-26-SEA,0.68,4380.0,0.69,1116980.0,68,29,0.01
2026-02-08T18:51:11.231131,KXSB-26-NE,0.32,406.0,0.34,98355.0,32,66,0.02
2026-02-08T18:51:11.231131,KXSB-26-SEA,0.68,403.0,0.69,1108666.0,68,30,0.01
2026-02-08T18:51:12.233100,KXSB-26-NE,0.32,406.0,0.34,98355.0,32,66,0.02
2026-02-08T18:51:12.233100,KXSB-26-SEA,0.68,403.0,0.69,1108666.0,68,30,0.01
2026-02-08T18:51:13.236041,KXSB-26-NE,0.33,83.0,0.34,91611.0,33,66,0.01
2026-02-08T18:51:13.236041,KXSB-26-SEA,0.68,413.0,0.69,1076392.0,68,30,0.01
2026-02-08T18:51:14.238140,KXSB-26-NE,0.33,83.0,0.34,91611.0,33,66,0.01
2026-02-08T18:51:14.238140,KXSB-26-SEA,0.68,413.0,0.69,1076392.0,68,30,0.01
2026-02-08T18:51:15.239461,KXSB-26-NE,0.33,83.0,0.34,91611.0,33,66,0.01
2026-02-08T18:51:15.239461,KXSB-26-SEA,0.68,413.0,0.69,1076392.0,68,30,0.01
2026-02-08T18:51:16.241565,KXSB-26-NE,0.33,65.0,0.34,84755.0,33,66,0.01
2026-02-08T18:51:16.241565,KXSB-26-SEA,0.68,360.0,0.69,1074467.0,68,30,0.01
2026-02-08T18:51:17.243110,KXSB-26-NE,0.33,65.0,0.34,84755.0,33,66,0.01
2026-02-08T18:51:17.243110,KXSB-26-SEA,0.68,360.0,0.69,1074467.0,68,30,0.01
2026-02-08T18:51:18.244973,KXSB-26-NE,0.33,65.0,0.34,84755.0,33,66,0.01
2026-02-08T18:51:18.244973,KXSB-26-SEA,0.68,360.0,0.69,1074467.0,68,30,0.01
2026-02-08T18:51:19.247391,KXSB-26-NE,0.33,65.0,0.34,84755.0,33,66,0.01
2026-02-08T18:51:19.247391,KXSB-26-SEA,0.68,360.0,0.69,1074467.0,68,30,0.01
2026-02-08T18:51:20.249082,KXSB-26-NE,0.32,50000.0,0.34,79817.0,32,66,0.02
2026-02-08T18:51:20.249082,KXSB-26-SEA,0.68,360.0,0.7,3000.0,68,29,0.02
2026-02-08T18:51:21.250793,KXSB-26-NE,0.32,50000.0,0.34,79817.0,32,66,0.02
2026-02-08T18:51:21.250793,KXSB-26-SEA,0.68,360.0,0.7,3000.0,68,29,0.02
2026-02-08T18:51:22.252460,KXSB-26-NE,0.32,49878.0,0.34,30017.0,32,66,0.02
2026-02-08T18:51:22.252460,KXSB-26-SEA,0.69,34.0,0.7,2919.0,69,29,0.01
2026-02-08T18:51:23.253920,KXSB-26-NE,0.32,49878.0,0.34,28805.0,32,66,0.02
2026-02-08T18:51:23.253920,KXSB-26-SEA,0.69,34.0,0.7,2999.0,69,29,0.01
2026-02-08T18:51:24.256614,KXSB-26-NE,0.32,49878.0,0.34,25511.0,32,66,0.02
2026-02-08T18:51:24.256614,KXSB-26-SEA,0.69,34.0,0.7,2950.0,69,29,0.01
2026-02-08T18:51:25.258976,KXSB-26-NE,0.32,49878.0,0.34,25511.0,32,66,0.02
2026-02-08T18:51:25.258976,KXSB-26-SEA,0.69,34.0,0.7,2950.0,69,29,0.01
2026-02-08T18:51:26.260195,KXSB-26-NE,0.32,49878.0,0.33,59372.0,32,67,0.01
2026-02-08T18:51:26.260195,KXSB-26-SEA,0.69,27004.0,0.7,1892.0,69,30,0.01
2026-02-08T18:51:27.262271,KXSB-26-NE,0.32,49878.0,0.33,59372.0,32,67,0.01
2026-02-08T18:51:27.262271,KXSB-26-SEA,0.69,27004.0,0.7,1892.0,69,30,0.01
2026-02-08T18:51:28.264119,KXSB-26-NE,0.32,49602.0,0.33,52179.0,32,67,0.01
2026-02-08T18:51:28.264119,KXSB-26-SEA,0.69,63004.0,0.71,5093.0,69,28,0.02
2026-02-08T18:51:29.265345,KXSB-26-NE,0.32,49602.0,0.33,52179.0,32,67,0.01
2026-02-08T18:51:29.265345,KXSB-26-SEA,0.69,63004.0,0.71,5093.0,69,28,0.02
2026-02-08T18:51:30.267642,KXSB-26-NE,0.32,49602.0,0.33,52179.0,32,67,0.01
2026-02-08T18:51:30.267642,KXSB-26-SEA,0.69,63004.0,0.71,5093.0,69,28,0.02
2026-02-08T18:51:31.269742,KXSB-26-NE,0.32,49613.0,0.33,47627.0,32,67,0.01
2026-02-08T18:51:31.269742,KXSB-26-SEA,0.69,63004.0,0.7,100.0,69,29,0.01
2026-02-08T18:51:32.270660,KXSB-26-NE,0.32,49613.0,0.33,47627.0,32,67,0.01
2026-02-08T18:51:32.270660,KXSB-26-SEA,0.69,63004.0,0.7,100.0,69,29,0.01
2026-02-08T18:51:33.272797,KXSB-26-NE,0.32,49597.0,0.33,43261.0,32,67,0.01
2026-02-08T18:51:33.272797,KXSB-26-SEA,0.69,62968.0,0.72,1073995.0,69,28,0.03
2026-02-08T18:51:34.274965,KXSB-26-NE,0.32,49597.0,0.33,43261.0,32,67,0.01
2026-02-08T18:51:34.274965,KXSB-26-SEA,0.69,62968.0,0.72,1073995.0,69,28,0.03
2026-02-08T18:51:35.276320,KXSB-26-NE,0.32,49597.0,0.33,43261.0,32,67,0.01
2026-02-08T18:51:35.276320,KXSB-26-SEA,0.69,62968.0,0.72,1073995.0,69,28,0.03
2026-02-08T18:51:36.280260,KXSB-26-NE,0.32,49465.0,0.33,38074.0,32,67,0.01
2026-02-08T18:51:36.280260,KXSB-26-SEA,0.69,51043.0,0.72,1171126.0,69,28,0.03
2026-02-08T18:51:37.282101,KXSB-26-NE,0.32,49465.0,0.33,38074.0,32,67,0.01
2026-02-08T18:51:37.282101,KXSB-26-SEA,0.69,51043.0,0.72,1171126.0,69,28,0.03
2026-02-08T18:51:38.283834,KXSB-26-NE,0.32,49467.0,0.33,31942.0,32,67,0.01
2026-02-08T18:51:38.283834,KXSB-26-SEA,0.69,51121.0,0.72,1171108.0,69,28,0.03
2026-02-08T18:51:39.285703,KXSB-26-NE,0.32,49467.0,0.33,31942.0,32,67,0.01
2026-02-08T18:51:39.285703,KXSB-26-SEA,0.69,51121.0,0.72,1171108.0,69,28,0.03
2026-02-08T18:51:40.287937,KXSB-26-NE,0.32,49467.0,0.33,13716.0,32,67,0.01
2026-02-08T18:51:40.287937,KXSB-26-SEA,0.69,220.0,0.7,100.0,69,29,0.01
2026-02-08T18:51:41.289781,KXSB-26-NE,0.32,49467.0,0.33,13601.0,32,67,0.01
2026-02-08T18:51:41.289781,KXSB-26-SEA,0.69,220.0,0.7,100.0,69,29,0.01
2026-02-08T18:51:42.290806,KXSB-26-NE,0.32,49467.0,0.33,13601.0,32,67,0.01
2026-02-08T18:51:42.290806,KXSB-26-SEA,0.69,220.0,0.7,100.0,69,29,0.01
2026-02-08T18:51:43.292564,KXSB-26-NE,0.32,49486.0,0.33,21623.0,32,67,0.01
2026-02-08T18:51:43.292564,KXSB-26-SEA,0.69,48163.0,0.71,11242.0,69,29,0.02
2026-02-08T18:51:44.294243,KXSB-26-NE,0.32,50487.0,0.33,16239.0,32,67,0.01
2026-02-08T18:51:44.294243,KXSB-26-SEA,0.69,48245.0,0.71,10316.0,69,28,0.02
2026-02-08T18:51:45.295888,KXSB-26-NE,0.32,50487.0,0.33,16239.0,32,67,0.01
2026-02-08T18:51:45.295888,KXSB-26-SEA,0.69,48245.0,0.71,10316.0,69,28,0.02
2026-02-08T18:51:46.297600,KXSB-26-NE,0.32,50476.0,0.33,11255.0,32,67,0.01
2026-02-08T18:51:46.297600,KXSB-26-SEA,0.69,48207.0,0.7,100.0,69,29,0.01
2026-02-08T18:51:47.299199,KXSB-26-NE,0.32,50476.0,0.33,11255.0,32,67,0.01
2026-02-08T18:51:47.299199,KXSB-26-SEA,0.69,48207.0,0.7,100.0,69,29,0.01
2026-02-08T18:51:48.300138,KXSB-26-NE,0.32,50476.0,0.33,9450.0,32,67,0.01
2026-02-08T18:51:48.300138,KXSB-26-SEA,0.69,48207.0,0.7,12913.0,69,29,0.01
2026-02-08T18:51:49.302185,KXSB-26-NE,0.32,50414.0,0.33,7152.0,32,67,0.01
2026-02-08T18:51:49.302185,KXSB-26-SEA,0.69,48177.0,0.7,11981.0,69,29,0.01
2026-02-08T18:51:50.303977,KXSB-26-NE,0.32,50414.0,0.33,7152.0,32,67,0.01
2026-02-08T18:51:50.303977,KXSB-26-SEA,0.69,48177.0,0.7,11981.0,69,29,0.01
2026-02-08T18:51:51.305504,KXSB-26-NE,0.32,50414.0,0.34,10002.0,32,66,0.02
2026-02-08T18:51:51.305504,KXSB-26-SEA,0.69,48176.0,0.7,7879.0,69,29,0.01
2026-02-08T18:51:52.306408,KXSB-26-NE,0.32,50414.0,0.34,10002.0,32,66,0.02
2026-02-08T18:51:52.306408,KXSB-26-SEA,0.69,48176.0,0.7,7879.0,69,29,0.01
2026-02-08T18:51:53.308346,KXSB-26-NE,0.33,86.0,0.34,11100.0,33,66,0.01
2026-02-08T18:51:53.308346,KXSB-26-SEA,0.69,47577.0,0.7,5591.0,69,29,0.01
2026-02-08T18:51:54.309078,KXSB-26-NE,0.33,20.0,0.34,6353.0,33,66,0.01
2026-02-08T18:51:54.309078,KXSB-26-SEA,0.69,47540.0,0.7,4688.0,69,29,0.01
2026-02-08T18:51:55.313503,KXSB-26-NE,0.33,20.0,0.34,6101.0,33,66,0.01
2026-02-08T18:51:55.313503,KXSB-26-SEA,0.69,47449.0,0.7,3220.0,69,29,0.01
2026-02-08T18:51:56.315446,KXSB-26-NE,0.33,20.0,0.34,6101.0,33,66,0.01
2026-02-08T18:51:56.315446,KXSB-26-SEA,0.69,47449.0,0.7,3220.0,69,29,0.01
2026-02-08T18:51:57.317980,KXSB-26-NE,0.34,15.0,0.35,70095.0,34,65,0.01
2026-02-08T18:51:57.317980,KXSB-26-SEA,0.69,47291.0,0.7,2373.0,69,29,0.01
2026-02-08T18:51:58.319206,KXSB-26-NE,0.34,15.0,0.35,70095.0,34,65,0.01
2026-02-08T18:51:58.319206,KXSB-26-SEA,0.69,47291.0,0.7,2373.0,69,29,0.01
2026-02-08T18:51:59.321126,KXSB-26-NE,0.34,15.0,0.35,70095.0,34,65,0.01
2026-02-08T18:51:59.321126,KXSB-26-SEA,0.69,47291.0,0.7,2373.0,69,29,0.01
2026-02-08T18:52:00.322897,KXSB-26-NE,0.34,15.0,0.35,70095.0,34,65,0.01
2026-02-08T18:52:00.322897,KXSB-26-SEA,0.69,47291.0,0.7,2373.0,69,29,0.01
2026-02-08T18:52:01.324142,KXSB-26-NE,0.32,50281.0,0.35,70647.0,32,65,0.03
2026-02-08T18:52:01.324142,KXSB-26-SEA,0.69,62195.0,0.7,1995.0,69,29,0.01
2026-02-08T18:52:02.326524,KXSB-26-NE,0.33,1558.0,0.35,67515.0,33,65,0.02
2026-02-08T18:52:02.326524,KXSB-26-SEA,0.69,62203.0,0.7,3430.0,69,29,0.01
2026-02-08T18:52:03.328014,KXSB-26-NE,0.33,1558.0,0.35,67515.0,33,65,0.02
2026-02-08T18:52:03.328014,KXSB-26-SEA,0.69,62203.0,0.7,3430.0,69,29,0.01
2026-02-08T18:52:04.329757,KXSB-26-NE,0.33,1558.0,0.35,67515.0,33,65,0.02
2026-02-08T18:52:04.329757,KXSB-26-SEA,0.69,62203.0,0.7,3430.0,69,29,0.01
2026-02-08T18:52:05.331590,KXSB-26-NE,0.33,978.0,0.34,101.0,33,66,0.01
2026-02-08T18:52:05.331590,KXSB-26-SEA,0.69,60635.0,0.7,1071823.0,69,29,0.01
2026-02-08T18:52:06.333146,KXSB-26-NE,0.33,970.0,0.34,3919.0,33,66,0.01
2026-02-08T18:52:06.333146,KXSB-26-SEA,0.69,60617.0,0.7,1066240.0,69,29,0.01
2026-02-08T18:52:07.334920,KXSB-26-NE,0.33,970.0,0.34,3919.0,33,66,0.01
2026-02-08T18:52:07.334920,KXSB-26-SEA,0.69,60617.0,0.7,1066240.0,69,29,0.01
2026-02-08T18:52:08.336986,KXSB-26-NE,0.33,724.0,0.34,31.0,33,66,0.01
2026-02-08T18:52:08.336986,KXSB-26-SEA,0.69,60554.0,0.7,1064551.0,69,29,0.01
2026-02-08T18:52:09.339315,KXSB-26-NE,0.33,724.0,0.34,31.0,33,66,0.01
2026-02-08T18:52:09.339315,KXSB-26-SEA,0.69,60554.0,0.7,1064551.0,69,29,0.01
2026-02-08T18:52:10.341080,KXSB-26-NE,0.3,35442.0,0.32,107082.0,30,67,0.02
2026-02-08T18:52:10.341080,KXSB-26-SEA,0.69,60540.0,0.7,1061443.0,69,29,0.01
2026-02-08T18:52:11.342931,KXSB-26-NE,0.3,35442.0,0.32,107082.0,30,67,0.02
2026-02-08T18:52:11.342931,KXSB-26-SEA,0.69,60540.0,0.7,1061443.0,69,29,0.01
2026-02-08T18:52:12.344713,KXSB-26-NE,0.3,35442.0,0.32,107082.0,30,67,0.02
2026-02-08T18:52:12.344713,KXSB-26-SEA,0.69,60540.0,0.7,1061443.0,69,29,0.01
2026-02-08T18:52:13.346789,KXSB-26-NE,0.3,35442.0,0.32,107082.0,30,67,0.02
2026-02-08T18:52:13.346789,KXSB-26-SEA,0.69,60540.0,0.7,1061443.0,69,29,0.01
2026-02-08T18:52:14.348590,KXSB-26-NE,0.3,35442.0,0.32,105801.0,30,67,0.02
2026-02-08T18:52:14.348590,KXSB-26-SEA,0.69,60537.0,0.7,1060985.0,69,29,0.01
2026-02-08T18:52:15.350254,KXSB-26-NE,0.3,35442.0,0.32,105801.0,30,67,0.02
2026-02-08T18:52:15.350254,KXSB-26-SEA,0.69,60537.0,0.7,1060985.0,69,29,0.01
2026-02-08T18:52:16.352264,KXSB-26-NE,0.3,34489.0,0.32,99950.0,30,68,0.02
2026-02-08T18:52:16.352264,KXSB-26-SEA,0.69,473.0,0.7,1058901.0,69,29,0.01
2026-02-08T18:52:17.354031,KXSB-26-NE,0.3,34489.0,0.32,99950.0,30,68,0.02
2026-02-08T18:52:17.354031,KXSB-26-SEA,0.69,473.0,0.7,1058901.0,69,29,0.01
2026-02-08T18:52:18.355981,KXSB-26-NE,0.3,34489.0,0.32,99656.0,30,68,0.02
2026-02-08T18:52:18.355981,KXSB-26-SEA,0.69,473.0,0.7,1058901.0,69,29,0.01
2026-02-08T18:52:19.357575,KXSB-26-NE,0.31,1495.0,0.32,86608.0,31,68,0.01
2026-02-08T18:52:19.357575,KXSB-26-SEA,0.68,75839.0,0.69,4499.0,68,30,0.01
2026-02-08T18:52:20.359695,KXSB-26-NE,0.31,1495.0,0.32,86608.0,31,68,0.01
2026-02-08T18:52:20.359695,KXSB-26-SEA,0.68,75839.0,0.69,4499.0,68,30,0.01
2026-02-08T18:52:21.361721,KXSB-26-NE,0.31,1739.0,0.32,116047.0,31,68,0.01
2026-02-08T18:52:21.361721,KXSB-26-SEA,0.68,12839.0,0.69,5286.0,68,30,0.01
2026-02-08T18:52:22.364080,KXSB-26-NE,0.31,1397.0,0.32,109621.0,31,68,0.01
2026-02-08T18:52:22.364080,KXSB-26-SEA,0.68,12839.0,0.69,2354.0,68,30,0.01
2026-02-08T18:52:23.365793,KXSB-26-NE,0.31,1291.0,0.32,104439.0,31,68,0.01
2026-02-08T18:52:23.365793,KXSB-26-SEA,0.68,36839.0,0.69,86.0,68,30,0.01
2026-02-08T18:52:24.367571,KXSB-26-NE,0.31,1077.0,0.32,97397.0,31,68,0.01
2026-02-08T18:52:24.367571,KXSB-26-SEA,0.68,36840.0,0.7,1056262.0,68,29,0.02
2026-02-08T18:52:25.371220,KXSB-26-NE,0.31,1077.0,0.32,97397.0,31,68,0.01
2026-02-08T18:52:25.371220,KXSB-26-SEA,0.68,36840.0,0.7,1056262.0,68,29,0.02
2026-02-08T18:52:26.373607,KXSB-26-NE,0.31,1138.0,0.32,129636.0,31,68,0.01
2026-02-08T18:52:26.373607,KXSB-26-SEA,0.69,5333.0,0.7,1056007.0,69,29,0.01
2026-02-08T18:52:27.375379,KXSB-26-NE,0.31,1138.0,0.32,129636.0,31,68,0.01
2026-02-08T18:52:27.375379,KXSB-26-SEA,0.69,5333.0,0.7,1056007.0,69,29,0.01
2026-02-08T18:52:28.377117,KXSB-26-NE,0.31,1096.0,0.32,114022.0,31,68,0.01
2026-02-08T18:52:28.377117,KXSB-26-SEA,0.68,26168.0,0.69,7.0,68,30,0.01
2026-02-08T18:52:29.378859,KXSB-26-NE,0.31,1096.0,0.32,114022.0,31,68,0.01
2026-02-08T18:52:29.378859,KXSB-26-SEA,0.68,26168.0,0.69,7.0,68,30,0.01
2026-02-08T18:52:30.379860,KXSB-26-NE,0.31,1566.0,0.32,143776.0,31,68,0.01
2026-02-08T18:52:30.379860,KXSB-26-SEA,0.68,41171.0,0.7,1053462.0,68,28,0.02
2026-02-08T18:52:31.381837,KXSB-26-NE,0.31,1566.0,0.32,143776.0,31,68,0.01
2026-02-08T18:52:31.381837,KXSB-26-SEA,0.68,41171.0,0.7,1053462.0,68,28,0.02
2026-02-08T18:52:32.383573,KXSB-26-NE,0.31,1200.0,0.32,130589.0,31,68,0.01
2026-02-08T18:52:32.383573,KXSB-26-SEA,0.69,2222.0,0.7,1048968.0,69,28,0.01
2026-02-08T18:52:33.385321,KXSB-26-NE,0.31,1200.0,0.32,130589.0,31,68,0.01
2026-02-08T18:52:33.385321,KXSB-26-SEA,0.69,2222.0,0.7,1048968.0,69,28,0.01
2026-02-08T18:52:34.387195,KXSB-26-NE,0.31,1200.0,0.32,130589.0,31,68,0.01
2026-02-08T18:52:34.387195,KXSB-26-SEA,0.69,2222.0,0.7,1048968.0,69,28,0.01
2026-02-08T18:52:35.389091,KXSB-26-NE,0.31,1200.0,0.32,130589.0,31,68,0.01
2026-02-08T18:52:35.389091,KXSB-26-SEA,0.69,2222.0,0.7,1048968.0,69,28,0.01
2026-02-08T18:52:36.391110,KXSB-26-NE,0.31,1200.0,0.32,123455.0,31,68,0.01
2026-02-08T18:52:36.391110,KXSB-26-SEA,0.69,2222.0,0.7,1041721.0,69,28,0.01
2026-02-08T18:52:37.392514,KXSB-26-NE,0.31,1656.0,0.32,117223.0,31,68,0.01
2026-02-08T18:52:37.392514,KXSB-26-SEA,0.67,63043.0,0.68,36260.0,67,30,0.01
2026-02-08T18:52:38.394469,KXSB-26-NE,0.31,1656.0,0.32,117223.0,31,68,0.01
2026-02-08T18:52:38.394469,KXSB-26-SEA,0.67,63043.0,0.68,36260.0,67,30,0.01
2026-02-08T18:52:39.395567,KXSB-26-NE,0.31,1642.0,0.32,61325.0,31,68,0.01
2026-02-08T18:52:39.395567,KXSB-26-SEA,0.67,63043.0,0.68,35089.0,67,30,0.01
2026-02-08T18:52:40.399152,KXSB-26-NE,0.31,1642.0,0.32,61325.0,31,68,0.01
2026-02-08T18:52:40.399152,KXSB-26-SEA,0.67,63043.0,0.68,35089.0,67,30,0.01
2026-02-08T18:52:41.400130,KXSB-26-NE,0.31,1642.0,0.32,61325.0,31,68,0.01
2026-02-08T18:52:41.400130,KXSB-26-SEA,0.67,63043.0,0.68,35089.0,67,30,0.01
2026-02-08T18:52:42.401943,KXSB-26-NE,0.31,1642.0,0.32,61325.0,31,68,0.01
2026-02-08T18:52:42.401943,KXSB-26-SEA,0.67,63043.0,0.68,35089.0,67,30,0.01
2026-02-08T18:52:43.403526,KXSB-26-NE,0.31,1637.0,0.32,60416.0,31,68,0.01
2026-02-08T18:52:43.403526,KXSB-26-SEA,0.67,63043.0,0.68,35079.0,67,30,0.01
2026-02-08T18:52:44.405514,KXSB-26-NE,0.32,128.0,0.33,100093.0,32,67,0.01
2026-02-08T18:52:44.405514,KXSB-26-SEA,0.67,36934.0,0.68,29551.0,67,30,0.01
2026-02-08T18:52:45.406645,KXSB-26-NE,0.32,128.0,0.33,100093.0,32,67,0.01
2026-02-08T18:52:45.406645,KXSB-26-SEA,0.67,36934.0,0.68,29551.0,67,30,0.01
2026-02-08T18:52:46.409059,KXSB-26-NE,0.32,154.0,0.33,138563.0,32,67,0.01
2026-02-08T18:52:46.409059,KXSB-26-SEA,0.67,36358.0,0.68,27341.0,67,30,0.01
2026-02-08T18:52:47.411037,KXSB-26-NE,0.32,154.0,0.33,138563.0,32,67,0.01
2026-02-08T18:52:47.411037,KXSB-26-SEA,0.67,36358.0,0.68,27341.0,67,30,0.01
2026-02-08T18:52:48.413100,KXSB-26-NE,0.32,154.0,0.33,138563.0,32,67,0.01
2026-02-08T18:52:48.413100,KXSB-26-SEA,0.67,36358.0,0.68,27341.0,67,30,0.01
2026-02-08T18:52:49.415618,KXSB-26-NE,0.32,2375.0,0.33,135363.0,32,67,0.01
2026-02-08T18:52:49.415618,KXSB-26-SEA,0.67,36458.0,0.68,21555.0,67,30,0.01
2026-02-08T18:52:50.420286,KXSB-26-NE,0.32,2375.0,0.33,135363.0,32,67,0.01
2026-02-08T18:52:50.420286,KXSB-26-SEA,0.67,36458.0,0.68,21555.0,67,30,0.01
2026-02-08T18:52:51.422214,KXSB-26-NE,0.32,2561.0,0.33,127513.0,32,67,0.01
2026-02-08T18:52:51.422214,KXSB-26-SEA,0.67,36132.0,0.68,20003.0,67,30,0.01
2026-02-08T18:52:52.425932,KXSB-26-NE,0.32,2661.0,0.33,116807.0,32,67,0.01
2026-02-08T18:52:52.425932,KXSB-26-SEA,0.67,36132.0,0.68,14146.0,67,30,0.01
2026-02-08T18:52:53.427450,KXSB-26-NE,0.32,2661.0,0.33,116807.0,32,67,0.01
2026-02-08T18:52:53.427450,KXSB-26-SEA,0.67,36132.0,0.68,14146.0,67,30,0.01
2026-02-08T18:52:54.429447,KXSB-26-NE,0.32,3446.0,0.33,105921.0,32,67,0.01
2026-02-08T18:52:54.429447,KXSB-26-SEA,0.69,3.0,0.7,1178348.0,69,28,0.01
2026-02-08T18:52:55.430923,KXSB-26-NE,0.32,3446.0,0.33,105921.0,32,67,0.01
2026-02-08T18:52:55.430923,KXSB-26-SEA,0.69,3.0,0.7,1178348.0,69,28,0.01
2026-02-08T18:52:56.433106,KXSB-26-NE,0.32,3712.0,0.33,61626.0,32,67,0.01
2026-02-08T18:52:56.433106,KXSB-26-SEA,0.68,19903.0,0.69,29227.0,68,30,0.01
2026-02-08T18:52:57.435373,KXSB-26-NE,0.32,3712.0,0.33,61626.0,32,67,0.01
2026-02-08T18:52:57.435373,KXSB-26-SEA,0.68,19903.0,0.69,29227.0,68,30,0.01
2026-02-08T18:52:58.437261,KXSB-26-NE,0.32,3712.0,0.33,61626.0,32,67,0.01
2026-02-08T18:52:58.437261,KXSB-26-SEA,0.68,19903.0,0.69,29227.0,68,30,0.01
2026-02-08T18:52:59.439010,KXSB-26-NE,0.32,3712.0,0.33,61626.0,32,67,0.01
2026-02-08T18:52:59.439010,KXSB-26-SEA,0.68,19903.0,0.69,29227.0,68,30,0.01
2026-02-08T18:53:00.443845,KXSB-26-NE,0.32,3712.0,0.33,61626.0,32,67,0.01
2026-02-08T18:53:00.443845,KXSB-26-SEA,0.68,19903.0,0.69,29227.0,68,30,0.01
2026-02-08T18:53:01.448199,KXSB-26-NE,0.32,3712.0,0.33,54324.0,32,67,0.01
2026-02-08T18:53:01.448199,KXSB-26-SEA,0.69,2.0,0.7,1176878.0,69,29,0.01
2026-02-08T18:53:02.450306,KXSB-26-NE,0.32,3712.0,0.33,54324.0,32,67,0.01
2026-02-08T18:53:02.450306,KXSB-26-SEA,0.69,2.0,0.7,1176878.0,69,29,0.01
2026-02-08T18:53:03.453317,KXSB-26-NE,0.32,3698.0,0.33,50299.0,32,67,0.01
2026-02-08T18:53:03.453317,KXSB-26-SEA,0.69,2.0,0.7,1176368.0,69,29,0.01
2026-02-08T18:53:04.454905,KXSB-26-NE,0.32,3698.0,0.33,50299.0,32,67,0.01
2026-02-08T18:53:04.454905,KXSB-26-SEA,0.69,2.0,0.7,1176368.0,69,29,0.01
2026-02-08T18:53:05.456974,KXSB-26-NE,0.32,3565.0,0.33,41381.0,32,67,0.01
2026-02-08T18:53:05.456974,KXSB-26-SEA,0.69,1.0,0.7,1174274.0,69,30,0.01
2026-02-08T18:53:06.458823,KXSB-26-NE,0.32,3565.0,0.33,41381.0,32,67,0.01
2026-02-08T18:53:06.458823,KXSB-26-SEA,0.69,1.0,0.7,1174274.0,69,30,0.01
2026-02-08T18:53:07.461082,KXSB-26-NE,0.32,3565.0,0.33,41381.0,32,67,0.01
2026-02-08T18:53:07.461082,KXSB-26-SEA,0.69,1.0,0.7,1174274.0,69,30,0.01
2026-02-08T18:53:08.462816,KXSB-26-NE,0.32,3565.0,0.33,41381.0,32,67,0.01
2026-02-08T18:53:08.462816,KXSB-26-SEA,0.69,1.0,0.7,1174274.0,69,30,0.01
2026-02-08T18:53:09.463977,KXSB-26-NE,0.31,1417.0,0.32,7544.0,31,68,0.01
2026-02-08T18:53:09.463977,KXSB-26-SEA,0.69,11.0,0.7,1172434.0,69,30,0.01
2026-02-08T18:53:10.466202,KXSB-26-NE,0.31,1417.0,0.32,7544.0,31,68,0.01
2026-02-08T18:53:10.466202,KXSB-26-SEA,0.69,11.0,0.7,1172434.0,69,30,0.01
2026-02-08T18:53:11.467878,KXSB-26-NE,0.31,1417.0,0.32,3481.0,31,68,0.01
2026-02-08T18:53:11.467878,KXSB-26-SEA,0.68,51524.0,0.7,1170190.0,68,30,0.02
2026-02-08T18:53:12.469331,KXSB-26-NE,0.31,1417.0,0.32,830.0,31,68,0.01
2026-02-08T18:53:12.469331,KXSB-26-SEA,0.68,51524.0,0.7,1170016.0,68,30,0.02
2026-02-08T18:53:13.471216,KXSB-26-NE,0.31,1417.0,0.32,830.0,31,68,0.01
2026-02-08T18:53:13.471216,KXSB-26-SEA,0.68,51524.0,0.7,1170016.0,68,30,0.02
2026-02-08T18:53:14.473389,KXSB-26-NE,0.3,54799.0,0.33,21252.0,30,67,0.03
2026-02-08T18:53:14.473389,KXSB-26-SEA,0.68,36602.0,0.7,1168432.0,68,29,0.02
2026-02-08T18:53:15.475532,KXSB-26-NE,0.3,54799.0,0.33,21252.0,30,67,0.03
2026-02-08T18:53:15.475532,KXSB-26-SEA,0.68,36602.0,0.7,1168432.0,68,29,0.02
2026-02-08T18:53:16.477722,KXSB-26-NE,0.32,149.0,0.33,18606.0,31,67,0.01
2026-02-08T18:53:16.477722,KXSB-26-SEA,0.68,76602.0,0.7,1191532.0,68,29,0.02
2026-02-08T18:53:17.480350,KXSB-26-NE,0.32,149.0,0.33,18606.0,31,67,0.01
2026-02-08T18:53:17.480350,KXSB-26-SEA,0.68,76602.0,0.7,1191532.0,68,29,0.02
2026-02-08T18:53:18.482064,KXSB-26-NE,0.32,149.0,0.33,18606.0,31,67,0.01
2026-02-08T18:53:18.482064,KXSB-26-SEA,0.68,76602.0,0.7,1191532.0,68,29,0.02
2026-02-08T18:53:19.483946,KXSB-26-NE,0.32,581.0,0.33,15848.0,32,67,0.01
2026-02-08T18:53:19.483946,KXSB-26-SEA,0.69,71.0,0.7,1190452.0,69,29,0.01
2026-02-08T18:53:20.486850,KXSB-26-NE,0.32,581.0,0.33,15165.0,32,67,0.01
2026-02-08T18:53:20.486850,KXSB-26-SEA,0.69,71.0,0.7,1190241.0,69,29,0.01
2026-02-08T18:53:21.488755,KXSB-26-NE,0.32,581.0,0.33,15165.0,32,67,0.01
2026-02-08T18:53:21.488755,KXSB-26-SEA,0.69,71.0,0.7,1190241.0,69,29,0.01
2026-02-08T18:53:22.491169,KXSB-26-NE,0.32,591.0,0.33,36052.0,32,67,0.01
2026-02-08T18:53:22.491169,KXSB-26-SEA,0.68,90940.0,0.7,1187865.0,68,28,0.02
2026-02-08T18:53:23.493923,KXSB-26-NE,0.32,591.0,0.33,36052.0,32,67,0.01
2026-02-08T18:53:23.493923,KXSB-26-SEA,0.68,90940.0,0.7,1187865.0,68,28,0.02
2026-02-08T18:53:24.496139,KXSB-26-NE,0.32,543.0,0.33,25106.0,32,67,0.01
2026-02-08T18:53:24.496139,KXSB-26-SEA,0.68,90940.0,0.7,1185771.0,68,28,0.02
2026-02-08T18:53:25.498157,KXSB-26-NE,0.32,10339.0,0.33,22931.0,32,67,0.01
2026-02-08T18:53:25.498157,KXSB-26-SEA,0.69,48000.0,0.7,1185267.0,69,28,0.01
2026-02-08T18:53:26.499972,KXSB-26-NE,0.32,9899.0,0.33,18710.0,32,67,0.01
2026-02-08T18:53:26.499972,KXSB-26-SEA,0.69,47986.0,0.7,1184573.0,69,28,0.01
2026-02-08T18:53:27.501664,KXSB-26-NE,0.32,9899.0,0.33,18710.0,32,67,0.01
2026-02-08T18:53:27.501664,KXSB-26-SEA,0.69,47986.0,0.7,1184573.0,69,28,0.01
2026-02-08T18:53:28.503275,KXSB-26-NE,0.32,9957.0,0.33,13055.0,32,67,0.01
2026-02-08T18:53:28.503275,KXSB-26-SEA,0.69,48086.0,0.7,1180608.0,69,28,0.01
2026-02-08T18:53:29.504053,KXSB-26-NE,0.32,9822.0,0.33,10023.0,32,67,0.01
2026-02-08T18:53:29.504053,KXSB-26-SEA,0.69,48086.0,0.7,1180294.0,69,28,0.01
2026-02-08T18:53:30.505862,KXSB-26-NE,0.32,15665.0,0.33,1674.0,32,67,0.01
2026-02-08T18:53:30.505862,KXSB-26-SEA,0.69,48081.0,0.7,1176144.0,69,28,0.01
2026-02-08T18:53:31.506734,KXSB-26-NE,0.33,10.0,0.34,1003096.0,33,66,0.01
2026-02-08T18:53:31.506734,KXSB-26-SEA,0.69,63033.0,0.7,1202132.0,69,29,0.01
2026-02-08T18:53:32.508774,KXSB-26-NE,0.33,9.0,0.34,1003096.0,33,66,0.01
2026-02-08T18:53:32.508774,KXSB-26-SEA,0.69,63033.0,0.7,1201616.0,69,29,0.01
2026-02-08T18:53:33.510713,KXSB-26-NE,0.33,174.0,0.34,1002532.0,33,66,0.01
2026-02-08T18:53:33.510713,KXSB-26-SEA,0.69,63012.0,0.7,1170704.0,69,29,0.01
2026-02-08T18:53:34.512580,KXSB-26-NE,0.33,174.0,0.34,1002532.0,33,66,0.01
2026-02-08T18:53:34.512580,KXSB-26-SEA,0.69,63012.0,0.7,1170704.0,69,29,0.01
2026-02-08T18:53:35.514904,KXSB-26-NE,0.33,174.0,0.34,1002532.0,33,66,0.01
2026-02-08T18:53:35.514904,KXSB-26-SEA,0.69,63012.0,0.7,1170704.0,69,29,0.01
2026-02-08T18:53:36.516787,KXSB-26-NE,0.33,137.0,0.34,999307.0,33,66,0.01
2026-02-08T18:53:36.516787,KXSB-26-SEA,0.69,62999.0,0.7,1168011.0,69,28,0.01
2026-02-08T18:53:37.518842,KXSB-26-NE,0.33,137.0,0.34,999307.0,33,66,0.01
2026-02-08T18:53:37.518842,KXSB-26-SEA,0.69,62999.0,0.7,1168011.0,69,28,0.01
2026-02-08T18:53:38.520840,KXSB-26-NE,0.32,15808.0,0.33,1154.0,32,67,0.01
2026-02-08T18:53:38.520840,KXSB-26-SEA,0.69,62843.0,0.7,1166494.0,69,28,0.01
2026-02-08T18:53:39.522751,KXSB-26-NE,0.32,15808.0,0.33,1154.0,32,67,0.01
2026-02-08T18:53:39.522751,KXSB-26-SEA,0.69,62843.0,0.7,1166494.0,69,28,0.01
2026-02-08T18:53:40.524603,KXSB-26-NE,0.32,15808.0,0.33,1154.0,32,67,0.01
2026-02-08T18:53:40.524603,KXSB-26-SEA,0.69,62843.0,0.7,1166494.0,69,28,0.01
2026-02-08T18:53:41.525624,KXSB-26-NE,0.32,15908.0,0.34,984004.0,32,66,0.02
2026-02-08T18:53:41.525624,KXSB-26-SEA,0.68,97950.0,0.7,1159701.0,68,29,0.02
2026-02-08T18:53:42.527897,KXSB-26-NE,0.32,15908.0,0.34,984004.0,32,66,0.02
2026-02-08T18:53:42.527897,KXSB-26-SEA,0.68,97950.0,0.7,1159701.0,68,29,0.02
2026-02-08T18:53:43.529912,KXSB-26-NE,0.32,15908.0,0.34,984004.0,32,66,0.02
2026-02-08T18:53:43.529912,KXSB-26-SEA,0.68,97950.0,0.7,1159701.0,68,29,0.02
2026-02-08T18:53:44.532397,KXSB-26-NE,0.33,25.0,0.34,976896.0,33,66,0.01
2026-02-08T18:53:44.532397,KXSB-26-SEA,0.68,96469.0,0.69,2253.0,68,30,0.01
2026-02-08T18:53:45.534549,KXSB-26-NE,0.33,25.0,0.34,976896.0,33,66,0.01
2026-02-08T18:53:45.534549,KXSB-26-SEA,0.68,96469.0,0.69,2253.0,68,30,0.01
2026-02-08T18:53:46.536369,KXSB-26-NE,0.33,90.0,0.34,976450.0,33,66,0.01
2026-02-08T18:53:46.536369,KXSB-26-SEA,0.68,90469.0,0.69,926.0,68,30,0.01
2026-02-08T18:53:47.538312,KXSB-26-NE,0.33,797.0,0.34,945888.0,33,66,0.01
2026-02-08T18:53:47.538312,KXSB-26-SEA,0.68,92955.0,0.7,1158899.0,68,29,0.02
2026-02-08T18:53:48.540472,KXSB-26-NE,0.33,797.0,0.34,945888.0,33,66,0.01
2026-02-08T18:53:48.540472,KXSB-26-SEA,0.68,92955.0,0.7,1158899.0,68,29,0.02
2026-02-08T18:53:49.541455,KXSB-26-NE,0.33,846.0,0.34,1007193.0,33,66,0.01
2026-02-08T18:53:49.541455,KXSB-26-SEA,0.68,93958.0,0.7,1158814.0,68,29,0.02
2026-02-08T18:53:50.543177,KXSB-26-NE,0.33,846.0,0.34,1005774.0,33,66,0.01
2026-02-08T18:53:50.543177,KXSB-26-SEA,0.68,93958.0,0.7,1158814.0,68,29,0.02
2026-02-08T18:53:51.545488,KXSB-26-NE,0.33,846.0,0.34,1005774.0,33,66,0.01
2026-02-08T18:53:51.545488,KXSB-26-SEA,0.68,93958.0,0.7,1158814.0,68,29,0.02
2026-02-08T18:53:52.547262,KXSB-26-NE,0.33,1146.0,0.34,1003928.0,33,66,0.01
2026-02-08T18:53:52.547262,KXSB-26-SEA,0.68,82817.0,0.7,1158702.0,68,29,0.02
2026-02-08T18:53:53.548435,KXSB-26-NE,0.33,1146.0,0.34,1003928.0,33,66,0.01
2026-02-08T18:53:53.548435,KXSB-26-SEA,0.68,84817.0,0.7,1158689.0,68,29,0.02
2026-02-08T18:53:54.550170,KXSB-26-NE,0.33,250.0,0.34,162027.0,33,66,0.01
2026-02-08T18:53:54.550170,KXSB-26-SEA,0.69,100.0,0.7,1157351.0,69,29,0.01
2026-02-08T18:53:55.551092,KXSB-26-NE,0.33,222.0,0.34,154848.0,33,66,0.01
2026-02-08T18:53:55.551092,KXSB-26-SEA,0.69,200.0,0.7,1156810.0,69,29,0.01
2026-02-08T18:53:56.552800,KXSB-26-NE,0.33,222.0,0.34,154848.0,33,66,0.01
2026-02-08T18:53:56.552800,KXSB-26-SEA,0.69,200.0,0.7,1156810.0,69,29,0.01
2026-02-08T18:53:57.554695,KXSB-26-NE,0.33,476.0,0.34,146263.0,33,66,0.01
2026-02-08T18:53:57.554695,KXSB-26-SEA,0.69,447.0,0.7,1156281.0,69,29,0.01
2026-02-08T18:53:58.557093,KXSB-26-NE,0.33,476.0,0.34,146263.0,33,66,0.01
2026-02-08T18:53:58.557093,KXSB-26-SEA,0.69,447.0,0.7,1156281.0,69,29,0.01
2026-02-08T18:53:59.559314,KXSB-26-NE,0.33,420.0,0.34,73327.0,33,66,0.01
2026-02-08T18:53:59.559314,KXSB-26-SEA,0.69,24138.0,0.7,1103724.0,69,29,0.01
2026-02-08T18:54:00.561238,KXSB-26-NE,0.33,420.0,0.34,73327.0,33,66,0.01
2026-02-08T18:54:00.561238,KXSB-26-SEA,0.69,24138.0,0.7,1103724.0,69,29,0.01
2026-02-08T18:54:01.562809,KXSB-26-NE,0.33,222.0,0.34,63201.0,33,66,0.01
2026-02-08T18:54:01.562809,KXSB-26-SEA,0.69,23959.0,0.7,1098173.0,69,29,0.01
2026-02-08T18:54:02.564564,KXSB-26-NE,0.33,878.0,0.34,51820.0,33,66,0.01
2026-02-08T18:54:02.564564,KXSB-26-SEA,0.69,23945.0,0.7,1096586.0,69,29,0.01
2026-02-08T18:54:03.566343,KXSB-26-NE,0.33,878.0,0.34,51820.0,33,66,0.01
2026-02-08T18:54:03.566343,KXSB-26-SEA,0.69,23945.0,0.7,1096586.0,69,29,0.01
2026-02-08T18:54:04.568068,KXSB-26-NE,0.33,1402.0,0.34,68362.0,33,66,0.01
2026-02-08T18:54:04.568068,KXSB-26-SEA,0.68,81858.0,0.69,4055.0,68,30,0.01
2026-02-08T18:54:05.569219,KXSB-26-NE,0.33,1345.0,0.34,73649.0,33,66,0.01
2026-02-08T18:54:05.569219,KXSB-26-SEA,0.69,90.0,0.7,1089664.0,69,29,0.01
2026-02-08T18:54:06.571039,KXSB-26-NE,0.33,1345.0,0.34,73649.0,33,66,0.01
2026-02-08T18:54:06.571039,KXSB-26-SEA,0.69,90.0,0.7,1089664.0,69,29,0.01
2026-02-08T18:54:07.572610,KXSB-26-NE,0.33,1334.0,0.34,65304.0,33,66,0.01
2026-02-08T18:54:07.572610,KXSB-26-SEA,0.69,500.0,0.7,1086258.0,69,29,0.01
2026-02-08T18:54:08.574065,KXSB-26-NE,0.33,1334.0,0.34,65196.0,33,66,0.01
2026-02-08T18:54:08.574065,KXSB-26-SEA,0.69,500.0,0.7,1086252.0,69,29,0.01
2026-02-08T18:54:09.576213,KXSB-26-NE,0.33,1334.0,0.34,65196.0,33,66,0.01
2026-02-08T18:54:09.576213,KXSB-26-SEA,0.69,500.0,0.7,1086252.0,69,29,0.01
2026-02-08T18:54:10.577835,KXSB-26-NE,0.33,1129.0,0.34,312048.0,33,66,0.01
2026-02-08T18:54:10.577835,KXSB-26-SEA,0.68,38348.0,0.7,1072509.0,68,29,0.02
2026-02-08T18:54:11.579662,KXSB-26-NE,0.33,1009.0,0.34,304013.0,33,66,0.01
2026-02-08T18:54:11.579662,KXSB-26-SEA,0.68,38289.0,0.69,24416.0,68,30,0.01
2026-02-08T18:54:12.582225,KXSB-26-NE,0.33,1009.0,0.34,304013.0,33,66,0.01
2026-02-08T18:54:12.582225,KXSB-26-SEA,0.68,38289.0,0.69,24416.0,68,30,0.01
2026-02-08T18:54:13.584549,KXSB-26-NE,0.33,1208.0,0.34,273355.0,33,66,0.01
2026-02-08T18:54:13.584549,KXSB-26-SEA,0.68,38289.0,0.69,23711.0,68,30,0.01
2026-02-08T18:54:14.587105,KXSB-26-NE,0.33,1208.0,0.34,273355.0,33,66,0.01
2026-02-08T18:54:14.587105,KXSB-26-SEA,0.68,38289.0,0.69,23711.0,68,30,0.01
2026-02-08T18:54:15.589059,KXSB-26-NE,0.3,155403.0,0.31,19977.0,30,69,0.01
2026-02-08T18:54:15.589059,KXSB-26-SEA,0.68,38289.0,0.69,23235.0,68,30,0.01
2026-02-08T18:54:16.590127,KXSB-26-NE,0.3,155403.0,0.31,19977.0,30,69,0.01
2026-02-08T18:54:16.590127,KXSB-26-SEA,0.68,38289.0,0.69,23235.0,68,30,0.01
2026-02-08T18:54:17.592737,KXSB-26-NE,0.3,155418.0,0.31,1404.0,30,68,0.01
2026-02-08T18:54:17.592737,KXSB-26-SEA,0.68,38289.0,0.69,17026.0,68,30,0.01
2026-02-08T18:54:18.594796,KXSB-26-NE,0.3,155418.0,0.31,1404.0,30,68,0.01
2026-02-08T18:54:18.594796,KXSB-26-SEA,0.68,38289.0,0.69,17026.0,68,30,0.01
2026-02-08T18:54:19.597312,KXSB-26-NE,0.3,115418.0,0.33,239824.0,30,67,0.03
2026-02-08T18:54:19.597312,KXSB-26-SEA,0.68,38289.0,0.69,13024.0,68,30,0.01
2026-02-08T18:54:20.599064,KXSB-26-NE,0.3,115418.0,0.33,239824.0,30,67,0.03
2026-02-08T18:54:20.599064,KXSB-26-SEA,0.68,38289.0,0.69,13024.0,68,30,0.01
2026-02-08T18:54:21.600810,KXSB-26-NE,0.3,155418.0,0.33,239191.0,30,67,0.03
2026-02-08T18:54:21.600810,KXSB-26-SEA,0.68,37947.0,0.69,13479.0,68,30,0.01
2026-02-08T18:54:22.602577,KXSB-26-NE,0.3,155418.0,0.33,239191.0,30,67,0.03
2026-02-08T18:54:22.602577,KXSB-26-SEA,0.68,37947.0,0.69,13479.0,68,30,0.01
2026-02-08T18:54:23.603608,KXSB-26-NE,0.3,115237.0,0.32,4928.0,30,68,0.02
2026-02-08T18:54:23.603608,KXSB-26-SEA,0.68,37993.0,0.69,9718.0,68,30,0.01
2026-02-08T18:54:24.605372,KXSB-26-NE,0.3,115237.0,0.32,4928.0,30,68,0.02
2026-02-08T18:54:24.605372,KXSB-26-SEA,0.68,37993.0,0.69,9718.0,68,30,0.01
2026-02-08T18:54:25.607521,KXSB-26-NE,0.3,115169.0,0.32,48163.0,30,68,0.02
2026-02-08T18:54:25.607521,KXSB-26-SEA,0.68,37994.0,0.69,6979.0,68,30,0.01
2026-02-08T18:54:26.609204,KXSB-26-NE,0.3,115144.0,0.32,47495.0,30,68,0.02
2026-02-08T18:54:26.609204,KXSB-26-SEA,0.68,37906.0,0.69,6430.0,68,30,0.01
2026-02-08T18:54:27.611071,KXSB-26-NE,0.3,115244.0,0.32,41787.0,30,68,0.02
2026-02-08T18:54:27.611071,KXSB-26-SEA,0.68,37906.0,0.69,5053.0,68,30,0.01
2026-02-08T18:54:28.612879,KXSB-26-NE,0.3,115244.0,0.32,41787.0,30,68,0.02
2026-02-08T18:54:28.612879,KXSB-26-SEA,0.68,37906.0,0.69,5053.0,68,30,0.01
2026-02-08T18:54:29.614927,KXSB-26-NE,0.3,115344.0,0.31,59820.0,30,69,0.01
2026-02-08T18:54:29.614927,KXSB-26-SEA,0.68,37906.0,0.69,3491.0,68,30,0.01
2026-02-08T18:54:30.616722,KXSB-26-NE,0.3,115344.0,0.31,59791.0,30,69,0.01
2026-02-08T18:54:30.616722,KXSB-26-SEA,0.68,37877.0,0.69,3484.0,68,30,0.01
2026-02-08T18:54:31.617213,KXSB-26-NE,0.3,115349.0,0.31,49742.0,30,69,0.01
2026-02-08T18:54:31.617213,KXSB-26-SEA,0.68,37877.0,0.69,2436.0,68,30,0.01
2026-02-08T18:54:32.617982,KXSB-26-NE,0.3,116086.0,0.31,43967.0,30,69,0.01
2026-02-08T18:54:32.617982,KXSB-26-SEA,0.68,37877.0,0.69,2127.0,68,30,0.01
2026-02-08T18:54:33.619685,KXSB-26-NE,0.3,115365.0,0.31,25922.0,30,69,0.01
2026-02-08T18:54:33.619685,KXSB-26-SEA,0.68,37817.0,0.7,1037900.0,68,29,0.02
2026-02-08T18:54:34.621434,KXSB-26-NE,0.3,115365.0,0.31,25922.0,30,69,0.01
2026-02-08T18:54:34.621434,KXSB-26-SEA,0.68,37817.0,0.7,1037900.0,68,29,0.02
2026-02-08T18:54:35.622284,KXSB-26-NE,0.3,115365.0,0.31,25922.0,30,69,0.01
2026-02-08T18:54:35.622284,KXSB-26-SEA,0.68,37817.0,0.7,1037900.0,68,29,0.02
2026-02-08T18:54:36.624428,KXSB-26-NE,0.3,115351.0,0.31,16913.0,30,69,0.01
2026-02-08T18:54:36.624428,KXSB-26-SEA,0.69,8.0,0.7,1037804.0,69,29,0.01
2026-02-08T18:54:37.626127,KXSB-26-NE,0.3,120557.0,0.31,8723.0,30,69,0.01
2026-02-08T18:54:37.626127,KXSB-26-SEA,0.69,15130.0,0.7,1041214.0,69,29,0.01
2026-02-08T18:54:38.627355,KXSB-26-NE,0.3,120557.0,0.31,8723.0,30,69,0.01
2026-02-08T18:54:38.627355,KXSB-26-SEA,0.69,15130.0,0.7,1041214.0,69,29,0.01
2026-02-08T18:54:39.629227,KXSB-26-NE,0.3,128270.0,0.32,61995.0,30,68,0.02
2026-02-08T18:54:39.629227,KXSB-26-SEA,0.69,15034.0,0.7,1040983.0,69,29,0.01
2026-02-08T18:54:40.631186,KXSB-26-NE,0.31,160.0,0.32,62370.0,31,68,0.01
2026-02-08T18:54:40.631186,KXSB-26-SEA,0.69,14977.0,0.7,1041387.0,69,29,0.01
2026-02-08T18:54:41.632897,KXSB-26-NE,0.31,160.0,0.32,62364.0,31,68,0.01
2026-02-08T18:54:41.632897,KXSB-26-SEA,0.69,14977.0,0.7,1041038.0,69,29,0.01
2026-02-08T18:54:42.635095,KXSB-26-NE,0.31,160.0,0.32,62364.0,31,68,0.01
2026-02-08T18:54:42.635095,KXSB-26-SEA,0.69,14977.0,0.7,1041038.0,69,29,0.01
2026-02-08T18:54:43.636724,KXSB-26-NE,0.31,136.0,0.32,27907.0,31,68,0.01
2026-02-08T18:54:43.636724,KXSB-26-SEA,0.68,77898.0,0.7,1038812.0,68,29,0.02
2026-02-08T18:54:44.638927,KXSB-26-NE,0.31,156.0,0.32,35617.0,31,68,0.01
2026-02-08T18:54:44.638927,KXSB-26-SEA,0.68,77897.0,0.7,1038743.0,68,29,0.02
2026-02-08T18:54:45.641407,KXSB-26-NE,0.31,306.0,0.32,35617.0,31,68,0.01
2026-02-08T18:54:45.641407,KXSB-26-SEA,0.68,77897.0,0.7,1038743.0,68,29,0.02
2026-02-08T18:54:46.643638,KXSB-26-NE,0.31,878.0,0.32,39834.0,31,68,0.01
2026-02-08T18:54:46.643638,KXSB-26-SEA,0.68,77890.0,0.7,1038432.0,68,29,0.02
2026-02-08T18:54:47.645965,KXSB-26-NE,0.31,878.0,0.32,39834.0,31,68,0.01
2026-02-08T18:54:47.645965,KXSB-26-SEA,0.68,77890.0,0.7,1038432.0,68,29,0.02
2026-02-08T18:54:48.648646,KXSB-26-NE,0.31,878.0,0.32,39834.0,31,68,0.01
2026-02-08T18:54:48.648646,KXSB-26-SEA,0.68,77890.0,0.7,1038432.0,68,29,0.02
2026-02-08T18:54:49.650732,KXSB-26-NE,0.31,894.0,0.32,34754.0,31,68,0.01
2026-02-08T18:54:49.650732,KXSB-26-SEA,0.69,150.0,0.7,1037666.0,69,29,0.01
2026-02-08T18:54:50.653262,KXSB-26-NE,0.31,894.0,0.32,34754.0,31,68,0.01
2026-02-08T18:54:50.653262,KXSB-26-SEA,0.69,150.0,0.7,1037666.0,69,29,0.01
2026-02-08T18:54:51.655092,KXSB-26-NE,0.31,894.0,0.32,34754.0,31,68,0.01
2026-02-08T18:54:51.655092,KXSB-26-SEA,0.69,150.0,0.7,1037666.0,69,29,0.01
2026-02-08T18:54:52.657521,KXSB-26-NE,0.31,863.0,0.32,31731.0,31,68,0.01
2026-02-08T18:54:52.657521,KXSB-26-SEA,0.69,135.0,0.7,1037196.0,69,29,0.01
2026-02-08T18:54:53.659922,KXSB-26-NE,0.31,863.0,0.32,31731.0,31,68,0.01
2026-02-08T18:54:53.659922,KXSB-26-SEA,0.69,135.0,0.7,1037196.0,69,29,0.01
2026-02-08T18:54:54.662059,KXSB-26-NE,0.31,863.0,0.32,31731.0,31,68,0.01
2026-02-08T18:54:54.662059,KXSB-26-SEA,0.69,135.0,0.7,1037196.0,69,29,0.01
2026-02-08T18:54:55.664114,KXSB-26-NE,0.31,979.0,0.32,28498.0,31,68,0.01
2026-02-08T18:54:55.664114,KXSB-26-SEA,0.69,121.0,0.7,1036637.0,69,29,0.01
2026-02-08T18:54:56.666117,KXSB-26-NE,0.31,792.0,0.32,25224.0,31,68,0.01
2026-02-08T18:54:56.666117,KXSB-26-SEA,0.69,6121.0,0.7,1034570.0,69,29,0.01
2026-02-08T18:54:57.668607,KXSB-26-NE,0.31,792.0,0.32,24808.0,31,68,0.01
2026-02-08T18:54:57.668607,KXSB-26-SEA,0.69,6121.0,0.7,1034441.0,69,29,0.01
2026-02-08T18:54:58.671294,KXSB-26-NE,0.31,792.0,0.32,24808.0,31,68,0.01
2026-02-08T18:54:58.671294,KXSB-26-SEA,0.69,6121.0,0.7,1034441.0,69,29,0.01
2026-02-08T18:54:59.673650,KXSB-26-NE,0.31,792.0,0.32,24808.0,31,68,0.01
2026-02-08T18:54:59.673650,KXSB-26-SEA,0.69,6121.0,0.7,1034441.0,69,29,0.01
2026-02-08T18:55:00.676542,KXSB-26-NE,0.31,892.0,0.32,20179.0,31,68,0.01
2026-02-08T18:55:00.676542,KXSB-26-SEA,0.69,6041.0,0.7,1031889.0,69,29,0.01
2026-02-08T18:55:01.678018,KXSB-26-NE,0.31,892.0,0.32,20179.0,31,68,0.01
2026-02-08T18:55:01.678018,KXSB-26-SEA,0.69,6041.0,0.7,1031889.0,69,29,0.01
2026-02-08T18:55:02.681880,KXSB-26-NE,0.3,116796.0,0.32,10720.0,30,68,0.02
2026-02-08T18:55:02.681880,KXSB-26-SEA,0.69,6139.0,0.7,1030544.0,69,29,0.01
2026-02-08T18:55:03.683569,KXSB-26-NE,0.3,116796.0,0.32,10720.0,30,68,0.02
2026-02-08T18:55:03.683569,KXSB-26-SEA,0.69,6139.0,0.7,1030544.0,69,29,0.01
2026-02-08T18:55:04.685449,KXSB-26-NE,0.3,116796.0,0.32,10720.0,30,68,0.02
2026-02-08T18:55:04.685449,KXSB-26-SEA,0.69,6139.0,0.7,1030544.0,69,29,0.01
2026-02-08T18:55:05.688141,KXSB-26-NE,0.3,116819.0,0.32,7500.0,30,68,0.02
2026-02-08T18:55:05.688141,KXSB-26-SEA,0.69,3501.0,0.7,1028185.0,69,29,0.01
2026-02-08T18:55:06.690056,KXSB-26-NE,0.3,116819.0,0.32,7500.0,30,68,0.02
2026-02-08T18:55:06.690056,KXSB-26-SEA,0.69,3501.0,0.7,1028185.0,69,29,0.01
2026-02-08T18:55:07.692501,KXSB-26-NE,0.3,116819.0,0.32,7500.0,30,68,0.02
2026-02-08T18:55:07.692501,KXSB-26-SEA,0.69,3501.0,0.7,1028185.0,69,29,0.01
2026-02-08T18:55:08.694353,KXSB-26-NE,0.32,1000.0,0.33,263383.0,31,67,0.01
2026-02-08T18:55:08.694353,KXSB-26-SEA,0.69,3277.0,0.7,1027884.0,69,29,0.01
2026-02-08T18:55:09.696604,KXSB-26-NE,0.32,1000.0,0.33,200211.0,31,67,0.01
2026-02-08T18:55:09.696604,KXSB-26-SEA,0.69,3271.0,0.7,1027861.0,69,29,0.01
2026-02-08T18:55:10.698894,KXSB-26-NE,0.32,1000.0,0.33,200211.0,31,67,0.01
2026-02-08T18:55:10.698894,KXSB-26-SEA,0.69,3271.0,0.7,1027861.0,69,29,0.01
2026-02-08T18:55:11.701286,KXSB-26-NE,0.32,748.0,0.33,247057.0,31,67,0.01
2026-02-08T18:55:11.701286,KXSB-26-SEA,0.69,3268.0,0.7,1026716.0,69,29,0.01
2026-02-08T18:55:12.703836,KXSB-26-NE,0.32,748.0,0.33,247057.0,31,67,0.01
2026-02-08T18:55:12.703836,KXSB-26-SEA,0.69,3268.0,0.7,1026716.0,69,29,0.01
2026-02-08T18:55:13.706225,KXSB-26-NE,0.32,1098.0,0.33,242460.0,32,67,0.01
2026-02-08T18:55:13.706225,KXSB-26-SEA,0.69,3446.0,0.7,1025964.0,69,29,0.01
2026-02-08T18:55:14.707413,KXSB-26-NE,0.32,1098.0,0.33,242460.0,32,67,0.01
2026-02-08T18:55:14.707413,KXSB-26-SEA,0.69,3446.0,0.7,1025964.0,69,29,0.01
2026-02-08T18:55:15.709187,KXSB-26-NE,0.32,1118.0,0.33,190352.0,32,67,0.01
2026-02-08T18:55:15.709187,KXSB-26-SEA,0.69,3444.0,0.7,1022929.0,69,29,0.01
2026-02-08T18:55:16.712783,KXSB-26-NE,0.32,1118.0,0.33,190352.0,32,67,0.01
2026-02-08T18:55:16.712783,KXSB-26-SEA,0.69,3444.0,0.7,1022929.0,69,29,0.01
2026-02-08T18:55:17.714938,KXSB-26-NE,0.32,1178.0,0.33,189123.0,32,67,0.01
2026-02-08T18:55:17.714938,KXSB-26-SEA,0.69,323.0,0.7,1020119.0,69,29,0.01
2026-02-08T18:55:18.717264,KXSB-26-NE,0.32,1178.0,0.33,188123.0,32,67,0.01
2026-02-08T18:55:18.717264,KXSB-26-SEA,0.69,323.0,0.7,1020119.0,69,29,0.01
2026-02-08T18:55:19.719892,KXSB-26-NE,0.32,1178.0,0.33,188123.0,32,67,0.01
2026-02-08T18:55:19.719892,KXSB-26-SEA,0.69,323.0,0.7,1020119.0,69,29,0.01
2026-02-08T18:55:20.722226,KXSB-26-NE,0.32,981.0,0.33,186050.0,32,67,0.01
2026-02-08T18:55:20.722226,KXSB-26-SEA,0.69,295.0,0.7,1018744.0,69,29,0.01
2026-02-08T18:55:21.724540,KXSB-26-NE,0.32,981.0,0.33,186050.0,32,67,0.01
2026-02-08T18:55:21.724540,KXSB-26-SEA,0.69,295.0,0.7,1018744.0,69,29,0.01
2026-02-08T18:55:22.727148,KXSB-26-NE,0.32,981.0,0.33,186050.0,32,67,0.01
2026-02-08T18:55:22.727148,KXSB-26-SEA,0.69,295.0,0.7,1018744.0,69,29,0.01
2026-02-08T18:55:23.729571,KXSB-26-NE,0.32,894.0,0.33,175858.0,32,67,0.01
2026-02-08T18:55:23.729571,KXSB-26-SEA,0.69,3360.0,0.7,1016846.0,69,29,0.01
2026-02-08T18:55:24.732048,KXSB-26-NE,0.32,894.0,0.33,175858.0,32,67,0.01
2026-02-08T18:55:24.732048,KXSB-26-SEA,0.69,3360.0,0.7,1016846.0,69,29,0.01
2026-02-08T18:55:25.734491,KXSB-26-NE,0.32,877.0,0.33,172515.0,32,67,0.01
2026-02-08T18:55:25.734491,KXSB-26-SEA,0.69,8836.0,0.7,1025324.0,69,29,0.01
2026-02-08T18:55:26.736982,KXSB-26-NE,0.32,903.0,0.33,170723.0,32,67,0.01
2026-02-08T18:55:26.736982,KXSB-26-SEA,0.69,8836.0,0.7,1023482.0,69,29,0.01
2026-02-08T18:55:27.738824,KXSB-26-NE,0.31,625.0,0.33,168056.0,31,67,0.02
2026-02-08T18:55:27.738824,KXSB-26-SEA,0.69,8836.0,0.7,1023019.0,69,29,0.01
2026-02-08T18:55:28.741413,KXSB-26-NE,0.31,613.0,0.33,165247.0,31,67,0.02
2026-02-08T18:55:28.741413,KXSB-26-SEA,0.69,8811.0,0.7,1021788.0,69,29,0.01
2026-02-08T18:55:29.743304,KXSB-26-NE,0.31,460.0,0.33,162435.0,31,67,0.02
2026-02-08T18:55:29.743304,KXSB-26-SEA,0.69,8811.0,0.7,1021265.0,69,29,0.01
2026-02-08T18:55:30.745637,KXSB-26-NE,0.32,2.0,0.33,156464.0,32,67,0.01
2026-02-08T18:55:30.745637,KXSB-26-SEA,0.69,8774.0,0.7,1020918.0,69,29,0.01
2026-02-08T18:55:31.748243,KXSB-26-NE,0.32,2.0,0.33,156464.0,32,67,0.01
2026-02-08T18:55:31.748243,KXSB-26-SEA,0.69,8774.0,0.7,1020918.0,69,29,0.01
2026-02-08T18:55:32.750106,KXSB-26-NE,0.32,300.0,0.33,153705.0,32,67,0.01
2026-02-08T18:55:32.750106,KXSB-26-SEA,0.69,8606.0,0.7,1012992.0,69,29,0.01
2026-02-08T18:55:33.752713,KXSB-26-NE,0.32,300.0,0.33,153705.0,32,67,0.01
2026-02-08T18:55:33.752713,KXSB-26-SEA,0.69,8606.0,0.7,1012992.0,69,29,0.01
2026-02-08T18:55:34.755010,KXSB-26-NE,0.32,39.0,0.33,148746.0,32,67,0.01
2026-02-08T18:55:34.755010,KXSB-26-SEA,0.69,8606.0,0.7,1011845.0,69,29,0.01
2026-02-08T18:55:35.757367,KXSB-26-NE,0.32,39.0,0.33,148746.0,32,67,0.01
2026-02-08T18:55:35.757367,KXSB-26-SEA,0.69,8606.0,0.7,1011845.0,69,29,0.01
2026-02-08T18:55:36.759607,KXSB-26-NE,0.32,23.0,0.33,140239.0,32,67,0.01
2026-02-08T18:55:36.759607,KXSB-26-SEA,0.69,8533.0,0.7,1009809.0,69,29,0.01
2026-02-08T18:55:37.761606,KXSB-26-NE,0.32,23.0,0.33,140239.0,32,67,0.01
2026-02-08T18:55:37.761606,KXSB-26-SEA,0.69,8533.0,0.7,1009809.0,69,29,0.01
2026-02-08T18:55:38.763189,KXSB-26-NE,0.31,56217.0,0.33,136033.0,31,67,0.02
2026-02-08T18:55:38.763189,KXSB-26-SEA,0.69,8533.0,0.7,1007590.0,69,29,0.01
2026-02-08T18:55:39.765334,KXSB-26-NE,0.31,56199.0,0.33,380.0,31,67,0.02
2026-02-08T18:55:39.765334,KXSB-26-SEA,0.69,8533.0,0.7,1007015.0,69,29,0.01
2026-02-08T18:55:40.767151,KXSB-26-NE,0.31,55789.0,0.34,118762.0,31,66,0.03
2026-02-08T18:55:40.767151,KXSB-26-SEA,0.69,8513.0,0.7,1006830.0,69,29,0.01
2026-02-08T18:55:41.769428,KXSB-26-NE,0.32,6858.0,0.33,62889.0,32,67,0.01
2026-02-08T18:55:41.769428,KXSB-26-SEA,0.69,6513.0,0.7,906077.0,69,29,0.01
2026-02-08T18:55:42.771685,KXSB-26-NE,0.32,6858.0,0.33,62889.0,32,67,0.01
2026-02-08T18:55:42.771685,KXSB-26-SEA,0.69,6513.0,0.7,906077.0,69,29,0.01
2026-02-08T18:55:43.773128,KXSB-26-NE,0.32,6858.0,0.33,56100.0,32,67,0.01
2026-02-08T18:55:43.773128,KXSB-26-SEA,0.69,30533.0,0.7,905057.0,69,29,0.01
2026-02-08T18:55:44.775452,KXSB-26-NE,0.32,7187.0,0.33,51804.0,32,67,0.01
2026-02-08T18:55:44.775452,KXSB-26-SEA,0.69,30533.0,0.7,904701.0,69,29,0.01
2026-02-08T18:55:45.776807,KXSB-26-NE,0.32,7187.0,0.33,51804.0,32,67,0.01
2026-02-08T18:55:45.776807,KXSB-26-SEA,0.69,30533.0,0.7,904701.0,69,29,0.01
2026-02-08T18:55:46.779253,KXSB-26-NE,0.32,7187.0,0.33,51804.0,32,67,0.01
2026-02-08T18:55:46.779253,KXSB-26-SEA,0.69,30533.0,0.7,904701.0,69,29,0.01
2026-02-08T18:55:47.781100,KXSB-26-NE,0.32,7187.0,0.33,50484.0,32,67,0.01
2026-02-08T18:55:47.781100,KXSB-26-SEA,0.69,30503.0,0.7,904579.0,69,29,0.01
2026-02-08T18:55:48.783304,KXSB-26-NE,0.32,7179.0,0.33,47831.0,32,67,0.01
2026-02-08T18:55:48.783304,KXSB-26-SEA,0.69,29115.0,0.7,903476.0,69,29,0.01
2026-02-08T18:55:49.785787,KXSB-26-NE,0.32,7104.0,0.33,44555.0,32,67,0.01
2026-02-08T18:55:49.785787,KXSB-26-SEA,0.69,29039.0,0.7,901642.0,69,29,0.01
2026-02-08T18:55:50.787960,KXSB-26-NE,0.32,7104.0,0.33,44555.0,32,67,0.01
2026-02-08T18:55:50.787960,KXSB-26-SEA,0.69,29039.0,0.7,901642.0,69,29,0.01
2026-02-08T18:55:51.790272,KXSB-26-NE,0.32,7104.0,0.33,44555.0,32,67,0.01
2026-02-08T18:55:51.790272,KXSB-26-SEA,0.69,29039.0,0.7,901642.0,69,29,0.01
2026-02-08T18:55:52.792789,KXSB-26-NE,0.32,10981.0,0.33,40821.0,32,67,0.01
2026-02-08T18:55:52.792789,KXSB-26-SEA,0.69,29048.0,0.7,900245.0,69,29,0.01
2026-02-08T18:55:53.794741,KXSB-26-NE,0.32,10981.0,0.33,40821.0,32,67,0.01
2026-02-08T18:55:53.794741,KXSB-26-SEA,0.69,29048.0,0.7,900245.0,69,29,0.01
2026-02-08T18:55:54.796411,KXSB-26-NE,0.32,10864.0,0.33,32775.0,32,67,0.01
2026-02-08T18:55:54.796411,KXSB-26-SEA,0.69,29048.0,0.7,899138.0,69,29,0.01
2026-02-08T18:55:55.798155,KXSB-26-NE,0.32,10864.0,0.33,32775.0,32,67,0.01
2026-02-08T18:55:55.798155,KXSB-26-SEA,0.69,29048.0,0.7,899138.0,69,29,0.01
2026-02-08T18:55:56.800360,KXSB-26-NE,0.32,10864.0,0.33,25715.0,32,67,0.01
2026-02-08T18:55:56.800360,KXSB-26-SEA,0.69,28125.0,0.7,898259.0,69,29,0.01
2026-02-08T18:55:57.802232,KXSB-26-NE,0.32,10864.0,0.33,25715.0,32,67,0.01
2026-02-08T18:55:57.802232,KXSB-26-SEA,0.69,28125.0,0.7,898259.0,69,29,0.01
2026-02-08T18:55:58.804559,KXSB-26-NE,0.32,10864.0,0.33,21085.0,32,67,0.01
2026-02-08T18:55:58.804559,KXSB-26-SEA,0.69,28119.0,0.7,850342.0,69,29,0.01
2026-02-08T18:55:59.807139,KXSB-26-NE,0.32,10864.0,0.33,21085.0,32,67,0.01
2026-02-08T18:55:59.807139,KXSB-26-SEA,0.69,28119.0,0.7,850342.0,69,29,0.01
2026-02-08T18:56:00.809404,KXSB-26-NE,0.32,10837.0,0.33,295.0,32,67,0.01
2026-02-08T18:56:00.809404,KXSB-26-SEA,0.69,4119.0,0.7,850067.0,69,29,0.01
2026-02-08T18:56:01.811523,KXSB-26-NE,0.33,605.0,0.34,264786.0,33,66,0.01
2026-02-08T18:56:01.811523,KXSB-26-SEA,0.68,14724.0,0.69,31.0,68,30,0.01
2026-02-08T18:56:02.813128,KXSB-26-NE,0.33,514.0,0.34,264618.0,33,66,0.01
2026-02-08T18:56:02.813128,KXSB-26-SEA,0.68,14724.0,0.7,849070.0,68,29,0.02
2026-02-08T18:56:03.814904,KXSB-26-NE,0.33,571.0,0.34,264494.0,33,66,0.01
2026-02-08T18:56:03.814904,KXSB-26-SEA,0.69,49.0,0.7,850237.0,69,29,0.01
2026-02-08T18:56:04.816938,KXSB-26-NE,0.33,456.0,0.34,59848.0,33,66,0.01
2026-02-08T18:56:04.816938,KXSB-26-SEA,0.68,11872.0,0.69,4290.0,68,30,0.01
2026-02-08T18:56:05.818306,KXSB-26-NE,0.33,606.0,0.34,58801.0,33,66,0.01
2026-02-08T18:56:05.818306,KXSB-26-SEA,0.68,11872.0,0.69,3233.0,68,30,0.01
2026-02-08T18:56:06.820569,KXSB-26-NE,0.33,1.0,0.34,58273.0,33,66,0.01
2026-02-08T18:56:06.820569,KXSB-26-SEA,0.68,11872.0,0.69,2316.0,68,30,0.01
2026-02-08T18:56:07.822754,KXSB-26-NE,0.33,1.0,0.34,58273.0,33,66,0.01
2026-02-08T18:56:07.822754,KXSB-26-SEA,0.68,11872.0,0.69,2316.0,68,30,0.01
2026-02-08T18:56:08.824879,KXSB-26-NE,0.33,500.0,0.34,50745.0,33,66,0.01
2026-02-08T18:56:08.824879,KXSB-26-SEA,0.68,11872.0,0.7,843668.0,68,29,0.02
2026-02-08T18:56:09.826593,KXSB-26-NE,0.33,500.0,0.34,50745.0,33,66,0.01
2026-02-08T18:56:09.826593,KXSB-26-SEA,0.68,11872.0,0.7,843668.0,68,29,0.02
2026-02-08T18:56:10.828002,KXSB-26-NE,0.33,502.0,0.34,46968.0,33,66,0.01
2026-02-08T18:56:10.828002,KXSB-26-SEA,0.69,95.0,0.7,843364.0,69,29,0.01
2026-02-08T18:56:11.829825,KXSB-26-NE,0.33,508.0,0.34,43926.0,33,66,0.01
2026-02-08T18:56:11.829825,KXSB-26-SEA,0.69,93.0,0.7,843183.0,69,29,0.01
2026-02-08T18:56:12.830627,KXSB-26-NE,0.33,508.0,0.34,43926.0,33,66,0.01
2026-02-08T18:56:12.830627,KXSB-26-SEA,0.69,93.0,0.7,843183.0,69,29,0.01
2026-02-08T18:56:13.831926,KXSB-26-NE,0.33,508.0,0.34,40600.0,33,66,0.01
2026-02-08T18:56:13.831926,KXSB-26-SEA,0.68,11872.0,0.7,842040.0,68,29,0.02
2026-02-08T18:56:14.833990,KXSB-26-NE,0.33,481.0,0.34,5153.0,33,66,0.01
2026-02-08T18:56:14.833990,KXSB-26-SEA,0.69,24000.0,0.7,793021.0,69,29,0.01
2026-02-08T18:56:15.836393,KXSB-26-NE,0.33,481.0,0.34,5153.0,33,66,0.01
2026-02-08T18:56:15.836393,KXSB-26-SEA,0.69,24000.0,0.7,793021.0,69,29,0.01
2026-02-08T18:56:16.837712,KXSB-26-NE,0.33,481.0,0.34,5153.0,33,66,0.01
2026-02-08T18:56:16.837712,KXSB-26-SEA,0.69,24000.0,0.7,793021.0,69,29,0.01
2026-02-08T18:56:17.839398,KXSB-26-NE,0.33,467.0,0.35,887828.0,33,65,0.02
2026-02-08T18:56:17.839398,KXSB-26-SEA,0.69,75241.0,0.7,779196.0,69,29,0.01
2026-02-08T18:56:18.841245,KXSB-26-NE,0.33,467.0,0.35,887828.0,33,65,0.02
2026-02-08T18:56:18.841245,KXSB-26-SEA,0.69,75241.0,0.7,779196.0,69,29,0.01
2026-02-08T18:56:19.843678,KXSB-26-NE,0.33,467.0,0.34,23925.0,33,66,0.01
2026-02-08T18:56:19.843678,KXSB-26-SEA,0.69,41168.0,0.7,776520.0,69,29,0.01
2026-02-08T18:56:20.848490,KXSB-26-NE,0.33,467.0,0.34,23925.0,33,66,0.01
2026-02-08T18:56:20.848490,KXSB-26-SEA,0.69,41168.0,0.7,776520.0,69,29,0.01
2026-02-08T18:56:21.849938,KXSB-26-NE,0.33,467.0,0.34,19220.0,33,66,0.01
2026-02-08T18:56:21.849938,KXSB-26-SEA,0.69,41113.0,0.7,775722.0,69,29,0.01
2026-02-08T18:56:22.851155,KXSB-26-NE,0.33,467.0,0.34,19220.0,33,66,0.01
2026-02-08T18:56:22.851155,KXSB-26-SEA,0.69,41113.0,0.7,775722.0,69,29,0.01
2026-02-08T18:56:23.852196,KXSB-26-NE,0.33,467.0,0.34,14781.0,33,66,0.01
2026-02-08T18:56:23.852196,KXSB-26-SEA,0.69,40773.0,0.7,774503.0,69,29,0.01
2026-02-08T18:56:24.854026,KXSB-26-NE,0.33,467.0,0.34,14781.0,33,66,0.01
2026-02-08T18:56:24.854026,KXSB-26-SEA,0.69,40773.0,0.7,774503.0,69,29,0.01
2026-02-08T18:56:25.854861,KXSB-26-NE,0.33,467.0,0.34,13081.0,33,66,0.01
2026-02-08T18:56:25.854861,KXSB-26-SEA,0.69,40724.0,0.7,771558.0,69,29,0.01
2026-02-08T18:56:26.856839,KXSB-26-NE,0.33,467.0,0.34,13081.0,33,66,0.01
2026-02-08T18:56:26.856839,KXSB-26-SEA,0.69,40724.0,0.7,771558.0,69,29,0.01
2026-02-08T18:56:27.858769,KXSB-26-NE,0.33,467.0,0.34,7509.0,33,66,0.01
2026-02-08T18:56:27.858769,KXSB-26-SEA,0.69,40724.0,0.7,770923.0,69,29,0.01
2026-02-08T18:56:28.859811,KXSB-26-NE,0.33,467.0,0.34,7509.0,33,66,0.01
2026-02-08T18:56:28.859811,KXSB-26-SEA,0.69,40724.0,0.7,770923.0,69,29,0.01
2026-02-08T18:56:29.861496,KXSB-26-NE,0.33,466.0,0.34,1699.0,33,66,0.01
2026-02-08T18:56:29.861496,KXSB-26-SEA,0.69,40571.0,0.7,769390.0,69,29,0.01
2026-02-08T18:56:30.863432,KXSB-26-NE,0.33,466.0,0.34,1699.0,33,66,0.01
2026-02-08T18:56:30.863432,KXSB-26-SEA,0.69,40571.0,0.7,769390.0,69,29,0.01
2026-02-08T18:56:31.864542,KXSB-26-NE,0.34,50.0,0.35,895743.0,34,65,0.01
2026-02-08T18:56:31.864542,KXSB-26-SEA,0.69,40571.0,0.7,768722.0,69,29,0.01
2026-02-08T18:56:32.865768,KXSB-26-NE,0.32,10809.0,0.34,14224.0,32,66,0.02
2026-02-08T18:56:32.865768,KXSB-26-SEA,0.69,17262.0,0.7,766649.0,69,29,0.01
2026-02-08T18:56:33.867434,KXSB-26-NE,0.32,10809.0,0.34,13280.0,32,66,0.02
2026-02-08T18:56:33.867434,KXSB-26-SEA,0.69,16955.0,0.7,766542.0,69,29,0.01
2026-02-08T18:56:34.869370,KXSB-26-NE,0.32,10809.0,0.33,100.0,32,67,0.01
2026-02-08T18:56:34.869370,KXSB-26-SEA,0.69,16955.0,0.7,759874.0,69,29,0.01
2026-02-08T18:56:35.872116,KXSB-26-NE,0.32,10809.0,0.33,100.0,32,67,0.01
2026-02-08T18:56:35.872116,KXSB-26-SEA,0.69,16955.0,0.7,759874.0,69,29,0.01
2026-02-08T18:56:36.873797,KXSB-26-NE,0.32,10809.0,0.33,100.0,32,67,0.01
2026-02-08T18:56:36.873797,KXSB-26-SEA,0.69,16955.0,0.7,759874.0,69,29,0.01
2026-02-08T18:56:37.874949,KXSB-26-NE,0.33,38.0,0.34,9740.0,33,66,0.01
2026-02-08T18:56:37.874949,KXSB-26-SEA,0.69,16661.0,0.7,805305.0,69,29,0.01
2026-02-08T18:56:38.876553,KXSB-26-NE,0.33,38.0,0.34,9740.0,33,66,0.01
2026-02-08T18:56:38.876553,KXSB-26-SEA,0.69,16661.0,0.7,805305.0,69,29,0.01
2026-02-08T18:56:39.878608,KXSB-26-NE,0.32,7819.0,0.34,29155.0,32,66,0.02
2026-02-08T18:56:39.878608,KXSB-26-SEA,0.69,14533.0,0.7,804509.0,69,29,0.01
2026-02-08T18:56:40.881805,KXSB-26-NE,0.32,7819.0,0.34,29155.0,32,66,0.02
2026-02-08T18:56:40.881805,KXSB-26-SEA,0.69,14533.0,0.7,804509.0,69,29,0.01
2026-02-08T18:56:41.883059,KXSB-26-NE,0.32,7819.0,0.34,29155.0,32,66,0.02
2026-02-08T18:56:41.883059,KXSB-26-SEA,0.69,14533.0,0.7,804509.0,69,29,0.01
2026-02-08T18:56:42.884310,KXSB-26-NE,0.32,7786.0,0.34,24916.0,32,66,0.02
2026-02-08T18:56:42.884310,KXSB-26-SEA,0.69,16533.0,0.7,803155.0,69,29,0.01
2026-02-08T18:56:43.886108,KXSB-26-NE,0.32,7786.0,0.34,24916.0,32,66,0.02
2026-02-08T18:56:43.886108,KXSB-26-SEA,0.69,16533.0,0.7,803155.0,69,29,0.01
2026-02-08T18:56:44.888509,KXSB-26-NE,0.32,7242.0,0.34,22980.0,32,66,0.02
2026-02-08T18:56:44.888509,KXSB-26-SEA,0.69,79373.0,0.7,801703.0,69,29,0.01
2026-02-08T18:56:45.890188,KXSB-26-NE,0.32,7242.0,0.34,22980.0,32,66,0.02
2026-02-08T18:56:45.890188,KXSB-26-SEA,0.69,79373.0,0.7,801703.0,69,29,0.01
2026-02-08T18:56:46.891653,KXSB-26-NE,0.32,7242.0,0.33,61868.0,32,67,0.01
2026-02-08T18:56:46.891653,KXSB-26-SEA,0.69,79373.0,0.7,800841.0,69,29,0.01
2026-02-08T18:56:47.894157,KXSB-26-NE,0.32,7242.0,0.33,61556.0,32,67,0.01
2026-02-08T18:56:47.894157,KXSB-26-SEA,0.69,79373.0,0.7,800779.0,69,29,0.01
2026-02-08T18:56:48.896564,KXSB-26-NE,0.32,7156.0,0.33,244024.0,32,67,0.01
2026-02-08T18:56:48.896564,KXSB-26-SEA,0.69,79277.0,0.7,800151.0,69,30,0.01
2026-02-08T18:56:49.898412,KXSB-26-NE,0.32,7156.0,0.33,244024.0,32,67,0.01
2026-02-08T18:56:49.898412,KXSB-26-SEA,0.69,79277.0,0.7,800151.0,69,30,0.01
2026-02-08T18:56:50.900053,KXSB-26-NE,0.32,7156.0,0.33,244024.0,32,67,0.01
2026-02-08T18:56:50.900053,KXSB-26-SEA,0.69,79277.0,0.7,800151.0,69,30,0.01
2026-02-08T18:56:51.902465,KXSB-26-NE,0.32,7231.0,0.33,242098.0,32,67,0.01
2026-02-08T18:56:51.902465,KXSB-26-SEA,0.69,79221.0,0.7,836839.0,69,30,0.01
2026-02-08T18:56:52.904270,KXSB-26-NE,0.32,7231.0,0.33,242098.0,32,67,0.01
2026-02-08T18:56:52.904270,KXSB-26-SEA,0.69,79221.0,0.7,836839.0,69,30,0.01
2026-02-08T18:56:53.906088,KXSB-26-NE,0.32,7231.0,0.33,242098.0,32,67,0.01
2026-02-08T18:56:53.906088,KXSB-26-SEA,0.69,79221.0,0.7,836839.0,69,30,0.01
2026-02-08T18:56:54.911126,KXSB-26-NE,0.32,7473.0,0.33,235138.0,32,67,0.01
2026-02-08T18:56:54.911126,KXSB-26-SEA,0.69,79241.0,0.7,836378.0,69,29,0.01
2026-02-08T18:56:55.911987,KXSB-26-NE,0.32,7473.0,0.33,235138.0,32,67,0.01
2026-02-08T18:56:55.911987,KXSB-26-SEA,0.69,79241.0,0.7,836378.0,69,29,0.01
2026-02-08T18:56:56.913741,KXSB-26-NE,0.32,7473.0,0.33,234915.0,32,67,0.01
2026-02-08T18:56:56.913741,KXSB-26-SEA,0.69,79241.0,0.7,836452.0,69,29,0.01
2026-02-08T18:56:57.916176,KXSB-26-NE,0.32,7473.0,0.33,227343.0,32,67,0.01
2026-02-08T18:56:57.916176,KXSB-26-SEA,0.69,79141.0,0.7,832467.0,69,29,0.01
2026-02-08T18:56:58.918207,KXSB-26-NE,0.32,7473.0,0.33,227343.0,32,67,0.01
2026-02-08T18:56:58.918207,KXSB-26-SEA,0.69,79141.0,0.7,832467.0,69,29,0.01
2026-02-08T18:56:59.920684,KXSB-26-NE,0.32,7529.0,0.33,217602.0,32,67,0.01
2026-02-08T18:56:59.920684,KXSB-26-SEA,0.69,79092.0,0.7,89365.0,69,29,0.01
2026-02-08T18:57:00.923325,KXSB-26-NE,0.32,7529.0,0.33,217602.0,32,67,0.01
2026-02-08T18:57:00.923325,KXSB-26-SEA,0.69,79092.0,0.7,89365.0,69,29,0.01
2026-02-08T18:57:01.924906,KXSB-26-NE,0.32,7529.0,0.33,215426.0,32,67,0.01
2026-02-08T18:57:01.924906,KXSB-26-SEA,0.69,79092.0,0.7,89028.0,69,29,0.01
2026-02-08T18:57:02.926799,KXSB-26-NE,0.32,17529.0,0.33,211139.0,32,67,0.01
2026-02-08T18:57:02.926799,KXSB-26-SEA,0.69,79060.0,0.7,88843.0,69,29,0.01
2026-02-08T18:57:03.928515,KXSB-26-NE,0.32,17529.0,0.33,211139.0,32,67,0.01
2026-02-08T18:57:03.928515,KXSB-26-SEA,0.69,79060.0,0.7,88843.0,69,29,0.01
2026-02-08T18:57:04.930967,KXSB-26-NE,0.32,16875.0,0.33,204036.0,32,67,0.01
2026-02-08T18:57:04.930967,KXSB-26-SEA,0.69,78856.0,0.7,87205.0,69,29,0.01
2026-02-08T18:57:05.933295,KXSB-26-NE,0.32,16875.0,0.33,204036.0,32,67,0.01
2026-02-08T18:57:05.933295,KXSB-26-SEA,0.69,78856.0,0.7,87205.0,69,29,0.01
2026-02-08T18:57:06.934350,KXSB-26-NE,0.31,54757.0,0.33,203799.0,31,67,0.02
2026-02-08T18:57:06.934350,KXSB-26-SEA,0.69,78856.0,0.7,86786.0,69,29,0.01
2026-02-08T18:57:07.939980,KXSB-26-NE,0.31,54757.0,0.33,202453.0,31,67,0.02
2026-02-08T18:57:07.939980,KXSB-26-SEA,0.69,78853.0,0.7,86322.0,69,29,0.01
2026-02-08T18:57:08.942426,KXSB-26-NE,0.31,54757.0,0.33,202453.0,31,67,0.02
2026-02-08T18:57:08.942426,KXSB-26-SEA,0.69,78853.0,0.7,86322.0,69,29,0.01
2026-02-08T18:57:09.944666,KXSB-26-NE,0.32,306.0,0.33,203322.0,32,67,0.01
2026-02-08T18:57:09.944666,KXSB-26-SEA,0.69,78853.0,0.7,91104.0,69,29,0.01
2026-02-08T18:57:10.946409,KXSB-26-NE,0.32,306.0,0.33,203322.0,32,67,0.01
2026-02-08T18:57:10.946409,KXSB-26-SEA,0.69,78853.0,0.7,91104.0,69,29,0.01
2026-02-08T18:57:11.948984,KXSB-26-NE,0.31,54648.0,0.33,200605.0,31,67,0.02
2026-02-08T18:57:11.948984,KXSB-26-SEA,0.69,78749.0,0.7,86363.0,69,29,0.01
2026-02-08T18:57:12.950976,KXSB-26-NE,0.31,54648.0,0.33,200605.0,31,67,0.02
2026-02-08T18:57:12.950976,KXSB-26-SEA,0.69,78749.0,0.7,86363.0,69,29,0.01
2026-02-08T18:57:13.952811,KXSB-26-NE,0.32,56.0,0.33,194529.0,32,67,0.01
2026-02-08T18:57:13.952811,KXSB-26-SEA,0.69,75749.0,0.7,86212.0,69,29,0.01
2026-02-08T18:57:14.954893,KXSB-26-NE,0.32,56.0,0.33,194529.0,32,67,0.01
2026-02-08T18:57:14.954893,KXSB-26-SEA,0.69,75749.0,0.7,86212.0,69,29,0.01
2026-02-08T18:57:15.957185,KXSB-26-NE,0.32,56.0,0.33,194529.0,32,67,0.01
2026-02-08T18:57:15.957185,KXSB-26-SEA,0.69,75749.0,0.7,86212.0,69,29,0.01
2026-02-08T18:57:16.958620,KXSB-26-NE,0.32,56.0,0.33,194529.0,32,67,0.01
2026-02-08T18:57:16.958620,KXSB-26-SEA,0.69,75749.0,0.7,86212.0,69,29,0.01
2026-02-08T18:57:17.961851,KXSB-26-NE,0.32,56.0,0.33,194529.0,32,67,0.01
2026-02-08T18:57:17.961851,KXSB-26-SEA,0.69,75749.0,0.7,86212.0,69,29,0.01
2026-02-08T18:57:18.965309,KXSB-26-NE,0.32,49.0,0.33,192731.0,32,67,0.01
2026-02-08T18:57:18.965309,KXSB-26-SEA,0.69,75184.0,0.7,85049.0,69,29,0.01
2026-02-08T18:57:19.967135,KXSB-26-NE,0.32,49.0,0.33,192731.0,32,67,0.01
2026-02-08T18:57:19.967135,KXSB-26-SEA,0.69,75184.0,0.7,85049.0,69,29,0.01
2026-02-08T18:57:20.970045,KXSB-26-NE,0.32,49.0,0.33,190181.0,32,67,0.01
2026-02-08T18:57:20.970045,KXSB-26-SEA,0.69,74931.0,0.7,84507.0,69,29,0.01
2026-02-08T18:57:21.971371,KXSB-26-NE,0.32,49.0,0.33,3726.0,32,67,0.01
2026-02-08T18:57:21.971371,KXSB-26-SEA,0.69,72931.0,0.7,84415.0,69,29,0.01
2026-02-08T18:57:22.973643,KXSB-26-NE,0.33,162.0,0.34,21690.0,33,66,0.01
2026-02-08T18:57:22.973643,KXSB-26-SEA,0.69,72880.0,0.7,36514.0,69,29,0.01
2026-02-08T18:57:23.975485,KXSB-26-NE,0.33,162.0,0.34,21690.0,33,66,0.01
2026-02-08T18:57:23.975485,KXSB-26-SEA,0.69,72880.0,0.7,36514.0,69,29,0.01
2026-02-08T18:57:24.978120,KXSB-26-NE,0.33,262.0,0.34,20176.0,33,66,0.01
2026-02-08T18:57:24.978120,KXSB-26-SEA,0.69,72827.0,0.7,35412.0,69,29,0.01
2026-02-08T18:57:25.980109,KXSB-26-NE,0.33,262.0,0.34,20176.0,33,66,0.01
2026-02-08T18:57:25.980109,KXSB-26-SEA,0.69,72827.0,0.7,35412.0,69,29,0.01
2026-02-08T18:57:26.981818,KXSB-26-NE,0.33,262.0,0.34,20176.0,33,66,0.01
2026-02-08T18:57:26.981818,KXSB-26-SEA,0.69,72827.0,0.7,35412.0,69,29,0.01
2026-02-08T18:57:27.984156,KXSB-26-NE,0.33,262.0,0.34,20176.0,33,66,0.01
2026-02-08T18:57:27.984156,KXSB-26-SEA,0.69,72827.0,0.7,35412.0,69,29,0.01
2026-02-08T18:57:28.985467,KXSB-26-NE,0.33,83.0,0.35,907116.0,33,65,0.02
2026-02-08T18:57:28.985467,KXSB-26-SEA,0.69,71686.0,0.7,33836.0,69,29,0.01
2026-02-08T18:57:29.987907,KXSB-26-NE,0.33,83.0,0.35,907116.0,33,65,0.02
2026-02-08T18:57:29.987907,KXSB-26-SEA,0.69,71686.0,0.7,33836.0,69,29,0.01
2026-02-08T18:57:30.991247,KXSB-26-NE,0.34,433.0,0.35,906223.0,34,65,0.01
2026-02-08T18:57:30.991247,KXSB-26-SEA,0.69,71537.0,0.7,32642.0,69,29,0.01
2026-02-08T18:57:31.993089,KXSB-26-NE,0.34,433.0,0.35,906223.0,34,65,0.01
2026-02-08T18:57:31.993089,KXSB-26-SEA,0.69,71537.0,0.7,32642.0,69,29,0.01
2026-02-08T18:57:32.995364,KXSB-26-NE,0.34,433.0,0.35,906223.0,34,65,0.01
2026-02-08T18:57:32.995364,KXSB-26-SEA,0.69,71537.0,0.7,32642.0,69,29,0.01
2026-02-08T18:57:33.997119,KXSB-26-NE,0.34,120.0,0.35,904613.0,34,65,0.01
2026-02-08T18:57:33.997119,KXSB-26-SEA,0.69,70119.0,0.7,30706.0,69,29,0.01
2026-02-08T18:57:34.999161,KXSB-26-NE,0.34,120.0,0.35,904613.0,34,65,0.01
2026-02-08T18:57:34.999161,KXSB-26-SEA,0.69,70119.0,0.7,30706.0,69,29,0.01
2026-02-08T18:57:36.001412,KXSB-26-NE,0.34,110.0,0.35,876921.0,34,65,0.01
2026-02-08T18:57:36.001412,KXSB-26-SEA,0.69,6404.0,0.7,30596.0,69,29,0.01
2026-02-08T18:57:37.003103,KXSB-26-NE,0.34,110.0,0.35,876921.0,34,65,0.01
2026-02-08T18:57:37.003103,KXSB-26-SEA,0.69,6404.0,0.7,30596.0,69,29,0.01
2026-02-08T18:57:38.004872,KXSB-26-NE,0.34,90.0,0.35,874979.0,34,65,0.01
2026-02-08T18:57:38.004872,KXSB-26-SEA,0.69,6201.0,0.7,29890.0,69,29,0.01
2026-02-08T18:57:39.006806,KXSB-26-NE,0.34,44.0,0.35,873666.0,34,65,0.01
2026-02-08T18:57:39.006806,KXSB-26-SEA,0.69,6018.0,0.7,28611.0,69,29,0.01
2026-02-08T18:57:40.009280,KXSB-26-NE,0.34,44.0,0.35,873666.0,34,65,0.01
2026-02-08T18:57:40.009280,KXSB-26-SEA,0.69,6018.0,0.7,28611.0,69,29,0.01
2026-02-08T18:57:41.011003,KXSB-26-NE,0.33,651.0,0.35,870195.0,33,65,0.02
2026-02-08T18:57:41.011003,KXSB-26-SEA,0.69,6018.0,0.7,28011.0,69,29,0.01
2026-02-08T18:57:42.012675,KXSB-26-NE,0.33,651.0,0.35,870195.0,33,65,0.02
2026-02-08T18:57:42.012675,KXSB-26-SEA,0.69,6018.0,0.7,28011.0,69,29,0.01
2026-02-08T18:57:43.013712,KXSB-26-NE,0.33,624.0,0.35,868317.0,33,65,0.02
2026-02-08T18:57:43.013712,KXSB-26-SEA,0.69,6004.0,0.7,27269.0,69,29,0.01
2026-02-08T18:57:44.015140,KXSB-26-NE,0.33,624.0,0.35,868317.0,33,65,0.02
2026-02-08T18:57:44.015140,KXSB-26-SEA,0.69,6004.0,0.7,27269.0,69,29,0.01
2026-02-08T18:57:45.017157,KXSB-26-NE,0.34,100.0,0.35,864609.0,34,65,0.01
2026-02-08T18:57:45.017157,KXSB-26-SEA,0.69,6001.0,0.7,26141.0,69,29,0.01
2026-02-08T18:57:46.018964,KXSB-26-NE,0.34,115.0,0.35,861292.0,34,65,0.01
2026-02-08T18:57:46.018964,KXSB-26-SEA,0.69,6001.0,0.7,25303.0,69,29,0.01
2026-02-08T18:57:47.021347,KXSB-26-NE,0.34,115.0,0.35,861292.0,34,65,0.01
2026-02-08T18:57:47.021347,KXSB-26-SEA,0.69,6001.0,0.7,25303.0,69,29,0.01
2026-02-08T18:57:48.023704,KXSB-26-NE,0.34,115.0,0.35,861292.0,34,65,0.01
2026-02-08T18:57:48.023704,KXSB-26-SEA,0.69,6001.0,0.7,25303.0,69,29,0.01
2026-02-08T18:57:49.025576,KXSB-26-NE,0.33,173.0,0.35,857436.0,33,65,0.02
2026-02-08T18:57:49.025576,KXSB-26-SEA,0.69,5998.0,0.7,33197.0,69,29,0.01
2026-02-08T18:57:50.027262,KXSB-26-NE,0.34,172.0,0.35,854154.0,34,65,0.01
2026-02-08T18:57:50.027262,KXSB-26-SEA,0.69,5721.0,0.7,31733.0,69,29,0.01
2026-02-08T18:57:51.028538,KXSB-26-NE,0.34,172.0,0.35,854154.0,34,65,0.01
2026-02-08T18:57:51.028538,KXSB-26-SEA,0.69,5721.0,0.7,31733.0,69,29,0.01
2026-02-08T18:57:52.030319,KXSB-26-NE,0.34,172.0,0.35,854154.0,34,65,0.01
2026-02-08T18:57:52.030319,KXSB-26-SEA,0.69,5721.0,0.7,31733.0,69,29,0.01
2026-02-08T18:57:53.031824,KXSB-26-NE,0.34,172.0,0.35,16429.0,34,65,0.01
2026-02-08T18:57:53.031824,KXSB-26-SEA,0.69,5606.0,0.7,29102.0,69,29,0.01
2026-02-08T18:57:54.033984,KXSB-26-NE,0.33,90.0,0.35,12948.0,33,65,0.02
2026-02-08T18:57:54.033984,KXSB-26-SEA,0.69,29606.0,0.7,207.0,69,29,0.01
2026-02-08T18:57:55.035589,KXSB-26-NE,0.33,90.0,0.35,12948.0,33,65,0.02
2026-02-08T18:57:55.035589,KXSB-26-SEA,0.69,29606.0,0.7,207.0,69,29,0.01
2026-02-08T18:57:56.037485,KXSB-26-NE,0.33,90.0,0.35,12948.0,33,65,0.02
2026-02-08T18:57:56.037485,KXSB-26-SEA,0.69,29606.0,0.7,207.0,69,29,0.01
2026-02-08T18:57:57.039867,KXSB-26-NE,0.33,90.0,0.35,8320.0,33,65,0.02
2026-02-08T18:57:57.039867,KXSB-26-SEA,0.7,39000.0,0.71,753878.0,70,28,0.01
2026-02-08T18:57:58.041719,KXSB-26-NE,0.33,90.0,0.35,8320.0,33,65,0.02
2026-02-08T18:57:58.041719,KXSB-26-SEA,0.7,39000.0,0.71,753878.0,70,28,0.01
2026-02-08T18:57:59.043459,KXSB-26-NE,0.32,338.0,0.33,99152.0,32,67,0.01
2026-02-08T18:57:59.043459,KXSB-26-SEA,0.7,19930.0,0.71,753409.0,70,29,0.01
2026-02-08T18:58:00.045814,KXSB-26-NE,0.32,338.0,0.33,99152.0,32,67,0.01
2026-02-08T18:58:00.045814,KXSB-26-SEA,0.7,19930.0,0.71,753409.0,70,29,0.01
2026-02-08T18:58:01.047838,KXSB-26-NE,0.32,338.0,0.35,8272.0,32,65,0.03
2026-02-08T18:58:01.047838,KXSB-26-SEA,0.7,19925.0,0.71,10958.0,70,28,0.01
2026-02-08T18:58:02.049560,KXSB-26-NE,0.32,338.0,0.35,8272.0,32,65,0.03
2026-02-08T18:58:02.049560,KXSB-26-SEA,0.7,19925.0,0.71,10958.0,70,28,0.01
2026-02-08T18:58:03.051216,KXSB-26-NE,0.32,338.0,0.35,8272.0,32,65,0.03
2026-02-08T18:58:03.051216,KXSB-26-SEA,0.7,19925.0,0.71,10958.0,70,28,0.01
2026-02-08T18:58:04.052071,KXSB-26-NE,0.32,338.0,0.33,29550.0,32,66,0.01
2026-02-08T18:58:04.052071,KXSB-26-SEA,0.7,19908.0,0.71,10503.0,70,28,0.01
2026-02-08T18:58:05.053942,KXSB-26-NE,0.32,319.0,0.33,20457.0,32,67,0.01
2026-02-08T18:58:05.053942,KXSB-26-SEA,0.7,50.0,0.71,19675.0,70,29,0.01
2026-02-08T18:58:06.056381,KXSB-26-NE,0.32,319.0,0.33,20457.0,32,67,0.01
2026-02-08T18:58:06.056381,KXSB-26-SEA,0.7,50.0,0.71,19675.0,70,29,0.01
2026-02-08T18:58:07.058212,KXSB-26-NE,0.32,319.0,0.33,20457.0,32,67,0.01
2026-02-08T18:58:07.058212,KXSB-26-SEA,0.7,50.0,0.71,19675.0,70,29,0.01
2026-02-08T18:58:08.060664,KXSB-26-NE,0.32,322.0,0.33,16696.0,32,67,0.01
2026-02-08T18:58:08.060664,KXSB-26-SEA,0.7,12.0,0.71,18965.0,70,28,0.01
2026-02-08T18:58:09.062689,KXSB-26-NE,0.32,322.0,0.33,16696.0,32,67,0.01
2026-02-08T18:58:09.062689,KXSB-26-SEA,0.7,12.0,0.71,18965.0,70,28,0.01
2026-02-08T18:58:10.063848,KXSB-26-NE,0.32,320.0,0.33,100623.0,32,67,0.01
2026-02-08T18:58:10.063848,KXSB-26-SEA,0.7,107.0,0.71,18403.0,70,28,0.01
2026-02-08T18:58:11.066162,KXSB-26-NE,0.32,313.0,0.34,3200.0,32,66,0.02
2026-02-08T18:58:11.066162,KXSB-26-SEA,0.7,102.0,0.71,18390.0,70,28,0.01
2026-02-08T18:58:12.068034,KXSB-26-NE,0.33,100.0,0.34,1613.0,33,66,0.01
2026-02-08T18:58:12.068034,KXSB-26-SEA,0.7,19.0,0.71,17864.0,70,28,0.01
2026-02-08T18:58:13.070384,KXSB-26-NE,0.33,100.0,0.34,1613.0,33,66,0.01
2026-02-08T18:58:13.070384,KXSB-26-SEA,0.7,19.0,0.71,17864.0,70,28,0.01
2026-02-08T18:58:14.072099,KXSB-26-NE,0.33,100.0,0.34,1016.0,33,66,0.01
2026-02-08T18:58:14.072099,KXSB-26-SEA,0.7,14.0,0.71,16404.0,70,28,0.01
2026-02-08T18:58:15.073889,KXSB-26-NE,0.33,100.0,0.34,1016.0,33,66,0.01
2026-02-08T18:58:15.073889,KXSB-26-SEA,0.7,14.0,0.71,16404.0,70,28,0.01
2026-02-08T18:58:16.075530,KXSB-26-NE,0.31,4903.0,0.35,22687.0,31,65,0.04
2026-02-08T18:58:16.075530,KXSB-26-SEA,0.69,68465.0,0.7,4262.0,69,30,0.01
2026-02-08T18:58:17.076560,KXSB-26-NE,0.31,4903.0,0.35,22687.0,31,65,0.04
2026-02-08T18:58:17.076560,KXSB-26-SEA,0.69,68465.0,0.7,4262.0,69,30,0.01
2026-02-08T18:58:18.077364,KXSB-26-NE,0.31,4751.0,0.32,47840.0,31,66,0.01
2026-02-08T18:58:18.077364,KXSB-26-SEA,0.69,5465.0,0.7,3949.0,69,29,0.01
2026-02-08T18:58:19.079259,KXSB-26-NE,0.31,2993.0,0.32,31888.0,31,66,0.01
2026-02-08T18:58:19.079259,KXSB-26-SEA,0.69,53465.0,0.7,2878.0,69,29,0.01
2026-02-08T18:58:20.080372,KXSB-26-NE,0.31,2993.0,0.32,31888.0,31,66,0.01
2026-02-08T18:58:20.080372,KXSB-26-SEA,0.69,53465.0,0.7,2878.0,69,29,0.01
2026-02-08T18:58:21.082296,KXSB-26-NE,0.31,1646.0,0.32,28179.0,31,66,0.01
2026-02-08T18:58:21.082296,KXSB-26-SEA,0.69,53486.0,0.7,30132.0,69,29,0.01
2026-02-08T18:58:22.084001,KXSB-26-NE,0.31,1646.0,0.32,28179.0,31,66,0.01
2026-02-08T18:58:22.084001,KXSB-26-SEA,0.69,53486.0,0.7,30132.0,69,29,0.01
2026-02-08T18:58:23.085696,KXSB-26-NE,0.31,904.0,0.32,19260.0,31,66,0.01
2026-02-08T18:58:23.085696,KXSB-26-SEA,0.69,52362.0,0.7,29375.0,69,29,0.01
2026-02-08T18:58:24.087418,KXSB-26-NE,0.31,904.0,0.32,19260.0,31,66,0.01
2026-02-08T18:58:24.087418,KXSB-26-SEA,0.69,52362.0,0.7,29375.0,69,29,0.01
2026-02-08T18:58:25.088948,KXSB-26-NE,0.31,904.0,0.32,19260.0,31,66,0.01
2026-02-08T18:58:25.088948,KXSB-26-SEA,0.69,52362.0,0.7,29375.0,69,29,0.01
2026-02-08T18:58:26.090644,KXSB-26-NE,0.31,893.0,0.32,13834.0,31,66,0.01
2026-02-08T18:58:26.090644,KXSB-26-SEA,0.69,52355.0,0.7,29186.0,69,28,0.01
2026-02-08T18:58:27.092417,KXSB-26-NE,0.31,893.0,0.32,13834.0,31,66,0.01
2026-02-08T18:58:27.092417,KXSB-26-SEA,0.69,52355.0,0.7,29186.0,69,28,0.01
2026-02-08T18:58:28.094164,KXSB-26-NE,0.31,893.0,0.32,13834.0,31,66,0.01
2026-02-08T18:58:28.094164,KXSB-26-SEA,0.69,52355.0,0.7,29186.0,69,28,0.01
2026-02-08T18:58:29.094945,KXSB-26-NE,0.31,890.0,0.32,11865.0,31,66,0.01
2026-02-08T18:58:29.094945,KXSB-26-SEA,0.69,52355.0,0.7,29160.0,69,28,0.01
2026-02-08T18:58:30.097119,KXSB-26-NE,0.31,10.0,0.32,93.0,31,66,0.01
2026-02-08T18:58:30.097119,KXSB-26-SEA,0.69,52310.0,0.7,24524.0,69,29,0.01
2026-02-08T18:58:31.098311,KXSB-26-NE,0.32,69.0,0.35,860235.0,32,65,0.03
2026-02-08T18:58:31.098311,KXSB-26-SEA,0.69,72297.0,0.7,26152.0,69,28,0.01
2026-02-08T18:58:32.100569,KXSB-26-NE,0.32,106.0,0.35,860235.0,32,65,0.03
2026-02-08T18:58:32.100569,KXSB-26-SEA,0.69,72300.0,0.7,25884.0,69,28,0.01
2026-02-08T18:58:33.102301,KXSB-26-NE,0.32,240.0,0.35,859168.0,32,65,0.03
2026-02-08T18:58:33.102301,KXSB-26-SEA,0.69,52258.0,0.7,25272.0,69,29,0.01
2026-02-08T18:58:34.103099,KXSB-26-NE,0.32,240.0,0.35,859168.0,32,65,0.03
2026-02-08T18:58:34.103099,KXSB-26-SEA,0.69,52258.0,0.7,25272.0,69,29,0.01
2026-02-08T18:58:35.104745,KXSB-26-NE,0.32,1359.0,0.35,855845.0,32,65,0.03
2026-02-08T18:58:35.104745,KXSB-26-SEA,0.69,52062.0,0.7,24929.0,69,29,0.01
2026-02-08T18:58:36.106035,KXSB-26-NE,0.32,1442.0,0.35,852321.0,32,65,0.03
2026-02-08T18:58:36.106035,KXSB-26-SEA,0.69,52052.0,0.7,24811.0,69,29,0.01
2026-02-08T18:58:37.108106,KXSB-26-NE,0.32,156643.0,0.35,849349.0,32,65,0.03
2026-02-08T18:58:37.108106,KXSB-26-SEA,0.69,51900.0,0.7,11378.0,69,29,0.01
2026-02-08T18:58:38.110890,KXSB-26-NE,0.32,156643.0,0.35,849349.0,32,65,0.03
2026-02-08T18:58:38.110890,KXSB-26-SEA,0.69,51900.0,0.7,11378.0,69,29,0.01
2026-02-08T18:58:39.111998,KXSB-26-NE,0.32,156643.0,0.35,849255.0,32,65,0.03
2026-02-08T18:58:39.111998,KXSB-26-SEA,0.69,3900.0,0.7,11130.0,69,29,0.01
2026-02-08T18:58:40.114467,KXSB-26-NE,0.32,141571.0,0.35,843218.0,32,65,0.03
2026-02-08T18:58:40.114467,KXSB-26-SEA,0.69,3905.0,0.7,10436.0,69,29,0.01
2026-02-08T18:58:41.116655,KXSB-26-NE,0.32,141571.0,0.33,97729.0,32,66,0.01
2026-02-08T18:58:41.116655,KXSB-26-SEA,0.69,3903.0,0.7,8181.0,69,29,0.01
2026-02-08T18:58:42.118580,KXSB-26-NE,0.32,141506.0,0.35,840886.0,32,65,0.03
2026-02-08T18:58:42.118580,KXSB-26-SEA,0.69,3898.0,0.7,6285.0,69,29,0.01
2026-02-08T18:58:43.120295,KXSB-26-NE,0.32,141506.0,0.35,839328.0,32,65,0.03
2026-02-08T18:58:43.120295,KXSB-26-SEA,0.69,3890.0,0.7,6258.0,69,29,0.01
2026-02-08T18:58:44.122655,KXSB-26-NE,0.32,141508.0,0.35,839199.0,32,65,0.03
2026-02-08T18:58:44.122655,KXSB-26-SEA,0.69,3890.0,0.7,6091.0,69,28,0.01
2026-02-08T18:58:45.125322,KXSB-26-NE,0.33,3.0,0.35,836957.0,33,65,0.02
2026-02-08T18:58:45.125322,KXSB-26-SEA,0.69,3888.0,0.7,6169.0,69,28,0.01
2026-02-08T18:58:46.127048,KXSB-26-NE,0.32,2.0,0.35,834336.0,32,65,0.03
2026-02-08T18:58:46.127048,KXSB-26-SEA,0.69,71830.0,0.7,5037.0,69,30,0.01
2026-02-08T18:58:47.129614,KXSB-26-NE,0.32,2.0,0.35,834336.0,32,65,0.03
2026-02-08T18:58:47.129614,KXSB-26-SEA,0.69,71830.0,0.7,5037.0,69,30,0.01
2026-02-08T18:58:48.131319,KXSB-26-NE,0.32,2.0,0.35,834336.0,32,65,0.03
2026-02-08T18:58:48.131319,KXSB-26-SEA,0.69,71830.0,0.7,5037.0,69,30,0.01
2026-02-08T18:58:49.133537,KXSB-26-NE,0.32,2.0,0.35,831922.0,32,65,0.03
2026-02-08T18:58:49.133537,KXSB-26-SEA,0.69,71765.0,0.7,3222.0,69,30,0.01
2026-02-08T18:58:50.135774,KXSB-26-NE,0.32,2.0,0.35,831922.0,32,65,0.03
2026-02-08T18:58:50.135774,KXSB-26-SEA,0.69,71765.0,0.7,3222.0,69,30,0.01
2026-02-08T18:58:51.137378,KXSB-26-NE,0.31,141388.0,0.32,144649.0,31,67,0.01
2026-02-08T18:58:51.137378,KXSB-26-SEA,0.69,51742.0,0.7,2867.0,69,29,0.01
2026-02-08T18:58:52.139260,KXSB-26-NE,0.31,141388.0,0.32,144649.0,31,67,0.01
2026-02-08T18:58:52.139260,KXSB-26-SEA,0.69,51742.0,0.7,2867.0,69,29,0.01
2026-02-08T18:58:53.140934,KXSB-26-NE,0.31,141398.0,0.32,142756.0,31,67,0.01
2026-02-08T18:58:53.140934,KXSB-26-SEA,0.69,51704.0,0.7,2555.0,69,30,0.01
2026-02-08T18:58:54.143521,KXSB-26-NE,0.31,141398.0,0.32,140676.0,31,67,0.01
2026-02-08T18:58:54.143521,KXSB-26-SEA,0.69,51704.0,0.7,2479.0,69,30,0.01
2026-02-08T18:58:55.146075,KXSB-26-NE,0.31,138216.0,0.32,138387.0,31,67,0.01
2026-02-08T18:58:55.146075,KXSB-26-SEA,0.69,71595.0,0.7,907.0,69,29,0.01
2026-02-08T18:58:56.148490,KXSB-26-NE,0.31,138216.0,0.32,138387.0,31,67,0.01
2026-02-08T18:58:56.148490,KXSB-26-SEA,0.69,71595.0,0.7,907.0,69,29,0.01
2026-02-08T18:58:57.150240,KXSB-26-NE,0.31,138176.0,0.32,131113.0,31,67,0.01
2026-02-08T18:58:57.150240,KXSB-26-SEA,0.7,14757.0,0.71,753517.0,70,28,0.01
2026-02-08T18:58:58.152017,KXSB-26-NE,0.31,138175.0,0.32,111132.0,31,67,0.01
2026-02-08T18:58:58.152017,KXSB-26-SEA,0.7,14750.0,0.71,751859.0,70,28,0.01
2026-02-08T18:58:59.154339,KXSB-26-NE,0.31,138175.0,0.32,111132.0,31,67,0.01
2026-02-08T18:58:59.154339,KXSB-26-SEA,0.7,14750.0,0.71,751859.0,70,28,0.01
2026-02-08T18:59:00.156797,KXSB-26-NE,0.31,138068.0,0.32,146882.0,31,67,0.01
2026-02-08T18:59:00.156797,KXSB-26-SEA,0.7,14834.0,0.71,751646.0,70,28,0.01
2026-02-08T18:59:01.159166,KXSB-26-NE,0.31,138068.0,0.32,146882.0,31,67,0.01
2026-02-08T18:59:01.159166,KXSB-26-SEA,0.7,14834.0,0.71,751646.0,70,28,0.01
2026-02-08T18:59:02.161075,KXSB-26-NE,0.31,138078.0,0.32,134648.0,31,67,0.01
2026-02-08T18:59:02.161075,KXSB-26-SEA,0.7,14784.0,0.71,751033.0,70,28,0.01
2026-02-08T18:59:03.162789,KXSB-26-NE,0.31,138078.0,0.32,134648.0,31,67,0.01
2026-02-08T18:59:03.162789,KXSB-26-SEA,0.7,14784.0,0.71,751033.0,70,28,0.01
2026-02-08T18:59:04.165637,KXSB-26-NE,0.31,138350.0,0.32,130067.0,31,67,0.01
2026-02-08T18:59:04.165637,KXSB-26-SEA,0.7,14782.0,0.71,750586.0,70,28,0.01
2026-02-08T18:59:05.167224,KXSB-26-NE,0.31,138350.0,0.32,126957.0,31,67,0.01
2026-02-08T18:59:05.167224,KXSB-26-SEA,0.7,14671.0,0.71,748808.0,70,28,0.01
2026-02-08T18:59:06.168800,KXSB-26-NE,0.31,138338.0,0.32,25608.0,31,67,0.01
2026-02-08T18:59:06.168800,KXSB-26-SEA,0.7,14671.0,0.71,748479.0,70,28,0.01
2026-02-08T18:59:07.170390,KXSB-26-NE,0.31,138338.0,0.32,25608.0,31,67,0.01
2026-02-08T18:59:07.170390,KXSB-26-SEA,0.7,14671.0,0.71,748479.0,70,28,0.01
2026-02-08T18:59:08.172857,KXSB-26-NE,0.31,138339.0,0.32,18099.0,31,67,0.01
2026-02-08T18:59:08.172857,KXSB-26-SEA,0.7,14503.0,0.71,747963.0,70,28,0.01
2026-02-08T18:59:09.175356,KXSB-26-NE,0.31,138339.0,0.32,18099.0,31,67,0.01
2026-02-08T18:59:09.175356,KXSB-26-SEA,0.7,14503.0,0.71,747963.0,70,28,0.01
2026-02-08T18:59:10.177010,KXSB-26-NE,0.31,138338.0,0.32,518.0,31,67,0.01
2026-02-08T18:59:10.177010,KXSB-26-SEA,0.7,14461.0,0.71,747239.0,70,28,0.01
2026-02-08T18:59:11.177846,KXSB-26-NE,0.32,25.0,0.35,832865.0,32,65,0.03
2026-02-08T18:59:11.177846,KXSB-26-SEA,0.7,16.0,0.71,747753.0,70,27,0.01
2026-02-08T18:59:12.178779,KXSB-26-NE,0.32,25.0,0.35,832860.0,32,65,0.03
2026-02-08T18:59:12.178779,KXSB-26-SEA,0.7,16.0,0.71,747753.0,70,27,0.01
2026-02-08T18:59:13.181250,KXSB-26-NE,0.32,25.0,0.35,832860.0,32,65,0.03
2026-02-08T18:59:13.181250,KXSB-26-SEA,0.7,16.0,0.71,747753.0,70,27,0.01
2026-02-08T18:59:14.183284,KXSB-26-NE,0.32,34.0,0.35,832410.0,32,65,0.03
2026-02-08T18:59:14.183284,KXSB-26-SEA,0.69,3572.0,0.71,747020.0,69,27,0.02
2026-02-08T18:59:15.184612,KXSB-26-NE,0.32,34.0,0.34,1500.0,32,66,0.02
2026-02-08T18:59:15.184612,KXSB-26-SEA,0.69,3572.0,0.7,2553.0,69,28,0.01
2026-02-08T18:59:16.186916,KXSB-26-NE,0.32,34.0,0.34,1500.0,32,66,0.02
2026-02-08T18:59:16.186916,KXSB-26-SEA,0.69,3572.0,0.7,2553.0,69,28,0.01
2026-02-08T18:59:17.188467,KXSB-26-NE,0.32,656.0,0.35,828515.0,32,65,0.03
2026-02-08T18:59:17.188467,KXSB-26-SEA,0.69,3572.0,0.7,2146.0,69,28,0.01
2026-02-08T18:59:18.190918,KXSB-26-NE,0.32,655.0,0.35,827339.0,32,65,0.03
2026-02-08T18:59:18.190918,KXSB-26-SEA,0.69,3572.0,0.7,7091.0,69,28,0.01
2026-02-08T18:59:19.193485,KXSB-26-NE,0.32,627.0,0.35,822627.0,32,65,0.03
2026-02-08T18:59:19.193485,KXSB-26-SEA,0.69,3562.0,0.7,7057.0,69,28,0.01
2026-02-08T18:59:20.196439,KXSB-26-NE,0.32,627.0,0.35,822627.0,32,65,0.03
2026-02-08T18:59:20.196439,KXSB-26-SEA,0.69,3562.0,0.7,7057.0,69,28,0.01
2026-02-08T18:59:21.199369,KXSB-26-NE,0.32,627.0,0.35,822627.0,32,65,0.03
2026-02-08T18:59:21.199369,KXSB-26-SEA,0.69,3562.0,0.7,7057.0,69,28,0.01
